%YAML 1.1
%TAG !u! tag:unity3d.com,2011:
--- !u!1001 &100100000
Prefab:
  m_ObjectHideFlags: 1
  serializedVersion: 2
  m_Modification:
    m_TransformParent: {fileID: 0}
    m_Modifications: []
    m_RemovedComponents: []
  m_ParentPrefab: {fileID: 0}
  m_RootGameObject: {fileID: 1777138331840668}
  m_IsPrefabParent: 1
--- !u!1 &1027498536768062
GameObject:
  m_ObjectHideFlags: 1
  m_PrefabParentObject: {fileID: 0}
  m_PrefabInternal: {fileID: 100100000}
  serializedVersion: 5
  m_Component:
  - component: {fileID: 4919185226713472}
  m_Layer: 0
  m_Name: Toes Control.R.001
  m_TagString: Untagged
  m_Icon: {fileID: 0}
  m_NavMeshLayer: 0
  m_StaticEditorFlags: 0
  m_IsActive: 1
--- !u!1 &1076371832810346
GameObject:
  m_ObjectHideFlags: 1
  m_PrefabParentObject: {fileID: 0}
  m_PrefabInternal: {fileID: 100100000}
  serializedVersion: 5
  m_Component:
  - component: {fileID: 4274042965577810}
  m_Layer: 0
  m_Name: Foot Roll.R.001
  m_TagString: Untagged
  m_Icon: {fileID: 0}
  m_NavMeshLayer: 0
  m_StaticEditorFlags: 0
  m_IsActive: 1
--- !u!1 &1105966513674638
GameObject:
  m_ObjectHideFlags: 1
  m_PrefabParentObject: {fileID: 0}
  m_PrefabInternal: {fileID: 100100000}
  serializedVersion: 5
  m_Component:
  - component: {fileID: 4057316609681278}
  m_Layer: 0
  m_Name: Torso.001
  m_TagString: Untagged
  m_Icon: {fileID: 0}
  m_NavMeshLayer: 0
  m_StaticEditorFlags: 0
  m_IsActive: 1
--- !u!1 &1107923722455342
GameObject:
  m_ObjectHideFlags: 1
  m_PrefabParentObject: {fileID: 0}
  m_PrefabInternal: {fileID: 100100000}
  serializedVersion: 5
  m_Component:
  - component: {fileID: 4649620009470786}
  m_Layer: 0
  m_Name: Foot Roll.L.001
  m_TagString: Untagged
  m_Icon: {fileID: 0}
  m_NavMeshLayer: 0
  m_StaticEditorFlags: 0
  m_IsActive: 1
--- !u!1 &1146036770801878
GameObject:
  m_ObjectHideFlags: 1
  m_PrefabParentObject: {fileID: 0}
  m_PrefabInternal: {fileID: 100100000}
  serializedVersion: 5
  m_Component:
  - component: {fileID: 4150808547522712}
  m_Layer: 0
  m_Name: Neck.001
  m_TagString: Untagged
  m_Icon: {fileID: 0}
  m_NavMeshLayer: 0
  m_StaticEditorFlags: 0
  m_IsActive: 1
--- !u!1 &1176427087194820
GameObject:
  m_ObjectHideFlags: 1
  m_PrefabParentObject: {fileID: 0}
  m_PrefabInternal: {fileID: 100100000}
  serializedVersion: 5
  m_Component:
  - component: {fileID: 4382498794323366}
  m_Layer: 0
  m_Name: Lower Arm.L.001
  m_TagString: Untagged
  m_Icon: {fileID: 0}
  m_NavMeshLayer: 0
  m_StaticEditorFlags: 0
  m_IsActive: 1
--- !u!1 &1197965513319286
GameObject:
  m_ObjectHideFlags: 1
  m_PrefabParentObject: {fileID: 0}
  m_PrefabInternal: {fileID: 100100000}
  serializedVersion: 5
  m_Component:
  - component: {fileID: 4470964254353930}
  m_Layer: 0
  m_Name: Hand.L.001
  m_TagString: Untagged
  m_Icon: {fileID: 0}
  m_NavMeshLayer: 0
  m_StaticEditorFlags: 0
  m_IsActive: 1
--- !u!1 &1224297818821286
GameObject:
  m_ObjectHideFlags: 1
  m_PrefabParentObject: {fileID: 0}
  m_PrefabInternal: {fileID: 100100000}
  serializedVersion: 5
  m_Component:
  - component: {fileID: 4345488228229576}
  m_Layer: 0
  m_Name: Upper Arm.R.001
  m_TagString: Untagged
  m_Icon: {fileID: 0}
  m_NavMeshLayer: 0
  m_StaticEditorFlags: 0
  m_IsActive: 1
--- !u!1 &1251960193746148
GameObject:
  m_ObjectHideFlags: 1
  m_PrefabParentObject: {fileID: 0}
  m_PrefabInternal: {fileID: 100100000}
  serializedVersion: 5
  m_Component:
  - component: {fileID: 4291561811862202}
  m_Layer: 0
  m_Name: Lower Arm.R.001
  m_TagString: Untagged
  m_Icon: {fileID: 0}
  m_NavMeshLayer: 0
  m_StaticEditorFlags: 0
  m_IsActive: 1
--- !u!1 &1278007986120370
GameObject:
  m_ObjectHideFlags: 0
  m_PrefabParentObject: {fileID: 0}
  m_PrefabInternal: {fileID: 100100000}
  serializedVersion: 5
  m_Component:
  - component: {fileID: 4075272294641664}
  - component: {fileID: 137847347032112678}
  m_Layer: 0
  m_Name: Character 8
  m_TagString: Untagged
  m_Icon: {fileID: 0}
  m_NavMeshLayer: 0
  m_StaticEditorFlags: 0
  m_IsActive: 1
--- !u!1 &1278737112730162
GameObject:
  m_ObjectHideFlags: 1
  m_PrefabParentObject: {fileID: 0}
  m_PrefabInternal: {fileID: 100100000}
  serializedVersion: 5
  m_Component:
  - component: {fileID: 4616065170782842}
  m_Layer: 0
  m_Name: Leg Control.L.001
  m_TagString: Untagged
  m_Icon: {fileID: 0}
  m_NavMeshLayer: 0
  m_StaticEditorFlags: 0
  m_IsActive: 1
--- !u!1 &1300682547394564
GameObject:
  m_ObjectHideFlags: 1
  m_PrefabParentObject: {fileID: 0}
  m_PrefabInternal: {fileID: 100100000}
  serializedVersion: 5
  m_Component:
  - component: {fileID: 4967047189436730}
  m_Layer: 0
  m_Name: Thumb1.R.001
  m_TagString: Untagged
  m_Icon: {fileID: 0}
  m_NavMeshLayer: 0
  m_StaticEditorFlags: 0
  m_IsActive: 1
--- !u!1 &1304518063784680
GameObject:
  m_ObjectHideFlags: 1
  m_PrefabParentObject: {fileID: 0}
  m_PrefabInternal: {fileID: 100100000}
  serializedVersion: 5
  m_Component:
  - component: {fileID: 4963242423448810}
  m_Layer: 0
  m_Name: Upper Leg.L.001
  m_TagString: Untagged
  m_Icon: {fileID: 0}
  m_NavMeshLayer: 0
  m_StaticEditorFlags: 0
  m_IsActive: 1
--- !u!1 &1315096589571942
GameObject:
  m_ObjectHideFlags: 1
  m_PrefabParentObject: {fileID: 0}
  m_PrefabInternal: {fileID: 100100000}
  serializedVersion: 5
  m_Component:
  - component: {fileID: 4529135161813416}
  m_Layer: 0
  m_Name: Leg IK.L.001
  m_TagString: Untagged
  m_Icon: {fileID: 0}
  m_NavMeshLayer: 0
  m_StaticEditorFlags: 0
  m_IsActive: 1
--- !u!1 &1333620448727572
GameObject:
  m_ObjectHideFlags: 1
  m_PrefabParentObject: {fileID: 0}
  m_PrefabInternal: {fileID: 100100000}
  serializedVersion: 5
  m_Component:
  - component: {fileID: 4533688158911172}
  m_Layer: 0
  m_Name: Toes.R.001
  m_TagString: Untagged
  m_Icon: {fileID: 0}
  m_NavMeshLayer: 0
  m_StaticEditorFlags: 0
  m_IsActive: 1
--- !u!1 &1427542818076416
GameObject:
  m_ObjectHideFlags: 1
  m_PrefabParentObject: {fileID: 0}
  m_PrefabInternal: {fileID: 100100000}
  serializedVersion: 5
  m_Component:
  - component: {fileID: 4386121454600630}
  m_Layer: 0
  m_Name: Leg Control.R.001
  m_TagString: Untagged
  m_Icon: {fileID: 0}
  m_NavMeshLayer: 0
  m_StaticEditorFlags: 0
  m_IsActive: 1
--- !u!1 &1431330261337714
GameObject:
  m_ObjectHideFlags: 1
  m_PrefabParentObject: {fileID: 0}
  m_PrefabInternal: {fileID: 100100000}
  serializedVersion: 5
  m_Component:
  - component: {fileID: 4666559972095510}
  m_Layer: 0
  m_Name: Leg Pole Target.L.001
  m_TagString: Untagged
  m_Icon: {fileID: 0}
  m_NavMeshLayer: 0
  m_StaticEditorFlags: 0
  m_IsActive: 1
--- !u!1 &1440353139433150
GameObject:
  m_ObjectHideFlags: 1
  m_PrefabParentObject: {fileID: 0}
  m_PrefabInternal: {fileID: 100100000}
  serializedVersion: 5
  m_Component:
  - component: {fileID: 4124908071862862}
  m_Layer: 0
  m_Name: Lower Leg.L.001
  m_TagString: Untagged
  m_Icon: {fileID: 0}
  m_NavMeshLayer: 0
  m_StaticEditorFlags: 0
  m_IsActive: 1
--- !u!1 &1461616299159522
GameObject:
  m_ObjectHideFlags: 1
  m_PrefabParentObject: {fileID: 0}
  m_PrefabInternal: {fileID: 100100000}
  serializedVersion: 5
  m_Component:
  - component: {fileID: 4184303400417954}
  m_Layer: 0
  m_Name: Thumb2.R.001
  m_TagString: Untagged
  m_Icon: {fileID: 0}
  m_NavMeshLayer: 0
  m_StaticEditorFlags: 0
  m_IsActive: 1
--- !u!1 &1465001385880920
GameObject:
  m_ObjectHideFlags: 1
  m_PrefabParentObject: {fileID: 0}
  m_PrefabInternal: {fileID: 100100000}
  serializedVersion: 5
  m_Component:
  - component: {fileID: 4550786404293698}
  m_Layer: 0
  m_Name: Upper Arm.L.001
  m_TagString: Untagged
  m_Icon: {fileID: 0}
  m_NavMeshLayer: 0
  m_StaticEditorFlags: 0
  m_IsActive: 1
--- !u!1 &1490948610304526
GameObject:
  m_ObjectHideFlags: 1
  m_PrefabParentObject: {fileID: 0}
  m_PrefabInternal: {fileID: 100100000}
  serializedVersion: 5
  m_Component:
  - component: {fileID: 4409321354202618}
  m_Layer: 0
  m_Name: Root.001
  m_TagString: Untagged
  m_Icon: {fileID: 0}
  m_NavMeshLayer: 0
  m_StaticEditorFlags: 0
  m_IsActive: 1
--- !u!1 &1509056332043322
GameObject:
  m_ObjectHideFlags: 1
  m_PrefabParentObject: {fileID: 0}
  m_PrefabInternal: {fileID: 100100000}
  serializedVersion: 5
  m_Component:
  - component: {fileID: 4121313444335256}
  m_Layer: 0
  m_Name: Head.001
  m_TagString: Untagged
  m_Icon: {fileID: 0}
  m_NavMeshLayer: 0
  m_StaticEditorFlags: 0
  m_IsActive: 1
--- !u!1 &1556463662828298
GameObject:
  m_ObjectHideFlags: 1
  m_PrefabParentObject: {fileID: 0}
  m_PrefabInternal: {fileID: 100100000}
  serializedVersion: 5
  m_Component:
  - component: {fileID: 4271483327280568}
  m_Layer: 0
  m_Name: Fingers.L.001
  m_TagString: Untagged
  m_Icon: {fileID: 0}
  m_NavMeshLayer: 0
  m_StaticEditorFlags: 0
  m_IsActive: 1
--- !u!1 &1638125222691964
GameObject:
  m_ObjectHideFlags: 1
  m_PrefabParentObject: {fileID: 0}
  m_PrefabInternal: {fileID: 100100000}
  serializedVersion: 5
  m_Component:
  - component: {fileID: 4577317585298100}
  m_Layer: 0
  m_Name: Hand.R.001
  m_TagString: Untagged
  m_Icon: {fileID: 0}
  m_NavMeshLayer: 0
  m_StaticEditorFlags: 0
  m_IsActive: 1
--- !u!1 &1645294712462558
GameObject:
  m_ObjectHideFlags: 0
  m_PrefabParentObject: {fileID: 0}
  m_PrefabInternal: {fileID: 100100000}
  serializedVersion: 5
  m_Component:
  - component: {fileID: 4609510364920548}
  m_Layer: 0
  m_Name: Armature 08
  m_TagString: Untagged
  m_Icon: {fileID: 0}
  m_NavMeshLayer: 0
  m_StaticEditorFlags: 0
  m_IsActive: 1
--- !u!1 &1649188087763904
GameObject:
  m_ObjectHideFlags: 1
  m_PrefabParentObject: {fileID: 0}
  m_PrefabInternal: {fileID: 100100000}
  serializedVersion: 5
  m_Component:
  - component: {fileID: 4367814080930578}
  m_Layer: 0
  m_Name: Thumb2.L.001
  m_TagString: Untagged
  m_Icon: {fileID: 0}
  m_NavMeshLayer: 0
  m_StaticEditorFlags: 0
  m_IsActive: 1
--- !u!1 &1777138331840668
GameObject:
  m_ObjectHideFlags: 0
  m_PrefabParentObject: {fileID: 0}
  m_PrefabInternal: {fileID: 100100000}
  serializedVersion: 5
  m_Component:
  - component: {fileID: 4552780455575546}
  - component: {fileID: 95423561678125248}
  - component: {fileID: 114221483271276802}
  m_Layer: 0
  m_Name: Character 08
  m_TagString: Untagged
  m_Icon: {fileID: 0}
  m_NavMeshLayer: 0
  m_StaticEditorFlags: 0
  m_IsActive: 1
--- !u!1 &1783003696681862
GameObject:
  m_ObjectHideFlags: 1
  m_PrefabParentObject: {fileID: 0}
  m_PrefabInternal: {fileID: 100100000}
  serializedVersion: 5
  m_Component:
  - component: {fileID: 4118108881220348}
  m_Layer: 0
  m_Name: Toes.L.001
  m_TagString: Untagged
  m_Icon: {fileID: 0}
  m_NavMeshLayer: 0
  m_StaticEditorFlags: 0
  m_IsActive: 1
--- !u!1 &1785653673682038
GameObject:
  m_ObjectHideFlags: 1
  m_PrefabParentObject: {fileID: 0}
  m_PrefabInternal: {fileID: 100100000}
  serializedVersion: 5
  m_Component:
  - component: {fileID: 4067440440890372}
  m_Layer: 0
  m_Name: Upper Leg.R.001
  m_TagString: Untagged
  m_Icon: {fileID: 0}
  m_NavMeshLayer: 0
  m_StaticEditorFlags: 0
  m_IsActive: 1
--- !u!1 &1842417563932364
GameObject:
  m_ObjectHideFlags: 1
  m_PrefabParentObject: {fileID: 0}
  m_PrefabInternal: {fileID: 100100000}
  serializedVersion: 5
  m_Component:
  - component: {fileID: 4376462884545448}
  m_Layer: 0
  m_Name: Leg Pole Target.R.001
  m_TagString: Untagged
  m_Icon: {fileID: 0}
  m_NavMeshLayer: 0
  m_StaticEditorFlags: 0
  m_IsActive: 1
--- !u!1 &1879966502506918
GameObject:
  m_ObjectHideFlags: 1
  m_PrefabParentObject: {fileID: 0}
  m_PrefabInternal: {fileID: 100100000}
  serializedVersion: 5
  m_Component:
  - component: {fileID: 4258445025867264}
  m_Layer: 0
  m_Name: Lower Leg.R.001
  m_TagString: Untagged
  m_Icon: {fileID: 0}
  m_NavMeshLayer: 0
  m_StaticEditorFlags: 0
  m_IsActive: 1
--- !u!1 &1938496795765186
GameObject:
  m_ObjectHideFlags: 1
  m_PrefabParentObject: {fileID: 0}
  m_PrefabInternal: {fileID: 100100000}
  serializedVersion: 5
  m_Component:
  - component: {fileID: 4435594969975224}
  m_Layer: 0
  m_Name: Fingers.R.001
  m_TagString: Untagged
  m_Icon: {fileID: 0}
  m_NavMeshLayer: 0
  m_StaticEditorFlags: 0
  m_IsActive: 1
--- !u!1 &1943961546688108
GameObject:
  m_ObjectHideFlags: 1
  m_PrefabParentObject: {fileID: 0}
  m_PrefabInternal: {fileID: 100100000}
  serializedVersion: 5
  m_Component:
  - component: {fileID: 4541531219438436}
  m_Layer: 0
  m_Name: Chest.001
  m_TagString: Untagged
  m_Icon: {fileID: 0}
  m_NavMeshLayer: 0
  m_StaticEditorFlags: 0
  m_IsActive: 1
--- !u!1 &1948575516905452
GameObject:
  m_ObjectHideFlags: 1
  m_PrefabParentObject: {fileID: 0}
  m_PrefabInternal: {fileID: 100100000}
  serializedVersion: 5
  m_Component:
  - component: {fileID: 4711784796529830}
  m_Layer: 0
  m_Name: Foot.R.001
  m_TagString: Untagged
  m_Icon: {fileID: 0}
  m_NavMeshLayer: 0
  m_StaticEditorFlags: 0
  m_IsActive: 1
--- !u!1 &1957766515915780
GameObject:
  m_ObjectHideFlags: 1
  m_PrefabParentObject: {fileID: 0}
  m_PrefabInternal: {fileID: 100100000}
  serializedVersion: 5
  m_Component:
  - component: {fileID: 4803644429585202}
  m_Layer: 0
  m_Name: Leg IK.R.001
  m_TagString: Untagged
  m_Icon: {fileID: 0}
  m_NavMeshLayer: 0
  m_StaticEditorFlags: 0
  m_IsActive: 1
--- !u!1 &1961220186584488
GameObject:
  m_ObjectHideFlags: 1
  m_PrefabParentObject: {fileID: 0}
  m_PrefabInternal: {fileID: 100100000}
  serializedVersion: 5
  m_Component:
  - component: {fileID: 4784105050857830}
  m_Layer: 0
  m_Name: Toes Control.L.001
  m_TagString: Untagged
  m_Icon: {fileID: 0}
  m_NavMeshLayer: 0
  m_StaticEditorFlags: 0
  m_IsActive: 1
--- !u!1 &1989624887501642
GameObject:
  m_ObjectHideFlags: 1
  m_PrefabParentObject: {fileID: 0}
  m_PrefabInternal: {fileID: 100100000}
  serializedVersion: 5
  m_Component:
  - component: {fileID: 4105933838410882}
  m_Layer: 0
  m_Name: Foot.L.001
  m_TagString: Untagged
  m_Icon: {fileID: 0}
  m_NavMeshLayer: 0
  m_StaticEditorFlags: 0
  m_IsActive: 1
--- !u!1 &1995766520285898
GameObject:
  m_ObjectHideFlags: 1
  m_PrefabParentObject: {fileID: 0}
  m_PrefabInternal: {fileID: 100100000}
  serializedVersion: 5
  m_Component:
  - component: {fileID: 4437934712933850}
  m_Layer: 0
  m_Name: Thumb1.L.001
  m_TagString: Untagged
  m_Icon: {fileID: 0}
  m_NavMeshLayer: 0
  m_StaticEditorFlags: 0
  m_IsActive: 1
--- !u!4 &4057316609681278
Transform:
  m_ObjectHideFlags: 1
  m_PrefabParentObject: {fileID: 0}
  m_PrefabInternal: {fileID: 100100000}
  m_GameObject: {fileID: 1105966513674638}
  m_LocalRotation: {x: 0.65859723, y: 0.00000005681185, z: 0.00000004972271, w: 0.75249565}
  m_LocalPosition: {x: -0, y: -0.03303807, z: 0.5617134}
  m_LocalScale: {x: 1, y: 1, z: 1}
  m_Children:
  - {fileID: 4541531219438436}
  - {fileID: 4963242423448810}
  - {fileID: 4067440440890372}
  m_Father: {fileID: 4409321354202618}
  m_RootOrder: 4
  m_LocalEulerAnglesHint: {x: 0, y: 0, z: 0}
--- !u!4 &4067440440890372
Transform:
  m_ObjectHideFlags: 1
  m_PrefabParentObject: {fileID: 0}
  m_PrefabInternal: {fileID: 100100000}
  m_GameObject: {fileID: 1785653673682038}
  m_LocalRotation: {x: 0.99422354, y: -0.0000000064588392, z: -0.000000022679467,
    w: -0.10732925}
  m_LocalPosition: {x: -0.09037986, y: -0.032694627, z: -0.02426075}
  m_LocalScale: {x: 1, y: 0.9999999, z: 1.0000024}
  m_Children:
  - {fileID: 4258445025867264}
  m_Father: {fileID: 4057316609681278}
  m_RootOrder: 2
  m_LocalEulerAnglesHint: {x: 0, y: 0, z: 0}
--- !u!4 &4075272294641664
Transform:
  m_ObjectHideFlags: 1
  m_PrefabParentObject: {fileID: 0}
  m_PrefabInternal: {fileID: 100100000}
  m_GameObject: {fileID: 1278007986120370}
  m_LocalRotation: {x: -0.70710677, y: 0.00000017881393, z: 0.00000018016597, w: 0.7071069}
  m_LocalPosition: {x: 0.001, y: 0.769, z: -0.013}
  m_LocalScale: {x: 0.9999998, y: 0.9999999, z: 0.9999999}
  m_Children: []
  m_Father: {fileID: 4552780455575546}
  m_RootOrder: 1
  m_LocalEulerAnglesHint: {x: 0, y: 0, z: 0}
--- !u!4 &4105933838410882
Transform:
  m_ObjectHideFlags: 1
  m_PrefabParentObject: {fileID: 0}
  m_PrefabInternal: {fileID: 100100000}
  m_GameObject: {fileID: 1989624887501642}
  m_LocalRotation: {x: -0.0000023965904, y: 0.8298046, z: -0.55805403, w: -0.0000017834134}
  m_LocalPosition: {x: 0.0000001240328, y: 0.2828634, z: -0.000000008776158}
  m_LocalScale: {x: 1, y: 0.99999976, z: 0.99999964}
  m_Children:
  - {fileID: 4118108881220348}
  m_Father: {fileID: 4124908071862862}
  m_RootOrder: 0
  m_LocalEulerAnglesHint: {x: 0, y: 0, z: 0}
--- !u!4 &4118108881220348
Transform:
  m_ObjectHideFlags: 1
  m_PrefabParentObject: {fileID: 0}
  m_PrefabInternal: {fileID: 100100000}
  m_GameObject: {fileID: 1783003696681862}
  m_LocalRotation: {x: 0.20646769, y: 0.0000019808879, z: 0.0000026942628, w: 0.97845346}
  m_LocalPosition: {x: 0.0000000032464869, y: 0.09668506, z: -0.00000011339572}
  m_LocalScale: {x: 1, y: 1, z: 1}
  m_Children: []
  m_Father: {fileID: 4105933838410882}
  m_RootOrder: 0
  m_LocalEulerAnglesHint: {x: 0, y: 0, z: 0}
--- !u!4 &4121313444335256
Transform:
  m_ObjectHideFlags: 1
  m_PrefabParentObject: {fileID: 0}
  m_PrefabInternal: {fileID: 100100000}
  m_GameObject: {fileID: 1509056332043322}
  m_LocalRotation: {x: 0.04194528, y: 0.00000095283553, z: 0.000000046335714, w: 0.99911994}
  m_LocalPosition: {x: 3.996803e-16, y: 0.037944764, z: -0.0000000044703485}
  m_LocalScale: {x: 1, y: 0.9999998, z: 0.9999998}
  m_Children: []
  m_Father: {fileID: 4150808547522712}
  m_RootOrder: 0
  m_LocalEulerAnglesHint: {x: 0, y: 0, z: 0}
--- !u!4 &4124908071862862
Transform:
  m_ObjectHideFlags: 1
  m_PrefabParentObject: {fileID: 0}
  m_PrefabInternal: {fileID: 100100000}
  m_GameObject: {fileID: 1440353139433150}
  m_LocalRotation: {x: 3.453431e-10, y: 0.9972087, z: -0.07466416, w: 0.00000019522633}
  m_LocalPosition: {x: 0.0000000029285345, y: 0.18289645, z: 0.0000000020787299}
  m_LocalScale: {x: 0.99999994, y: 0.99999976, z: 0.99999976}
  m_Children:
  - {fileID: 4105933838410882}
  m_Father: {fileID: 4963242423448810}
  m_RootOrder: 0
  m_LocalEulerAnglesHint: {x: 0, y: 0, z: 0}
--- !u!4 &4150808547522712
Transform:
  m_ObjectHideFlags: 1
  m_PrefabParentObject: {fileID: 0}
  m_PrefabInternal: {fileID: 100100000}
  m_GameObject: {fileID: 1146036770801878}
  m_LocalRotation: {x: -0.04994344, y: -0.000006309244, z: -0.00000032395803, w: 0.99875206}
  m_LocalPosition: {x: -1.1990409e-14, y: 0.2363292, z: 0.0000000014901106}
  m_LocalScale: {x: 1, y: 0.9999998, z: 0.9999998}
  m_Children:
  - {fileID: 4121313444335256}
  m_Father: {fileID: 4541531219438436}
  m_RootOrder: 0
  m_LocalEulerAnglesHint: {x: 0, y: 0, z: 0}
--- !u!4 &4184303400417954
Transform:
  m_ObjectHideFlags: 1
  m_PrefabParentObject: {fileID: 0}
  m_PrefabInternal: {fileID: 100100000}
  m_GameObject: {fileID: 1461616299159522}
  m_LocalRotation: {x: 0.011671947, y: 0.04975317, z: -0.115336075, w: 0.9920111}
  m_LocalPosition: {x: 0.0000000037252903, y: 0.02919786, z: 0.00000001937151}
  m_LocalScale: {x: 1, y: 1.0000002, z: 1}
  m_Children: []
  m_Father: {fileID: 4967047189436730}
  m_RootOrder: 0
  m_LocalEulerAnglesHint: {x: 0, y: 0, z: 0}
--- !u!4 &4258445025867264
Transform:
  m_ObjectHideFlags: 1
  m_PrefabParentObject: {fileID: 0}
  m_PrefabInternal: {fileID: 100100000}
  m_GameObject: {fileID: 1879966502506918}
  m_LocalRotation: {x: 3.4533842e-10, y: 0.9972087, z: -0.07466416, w: 0.00000019522633}
  m_LocalPosition: {x: -0.000000003987409, y: 0.18289647, z: -0.0000000050688627}
  m_LocalScale: {x: 0.99999994, y: 0.99999976, z: 0.99999976}
  m_Children:
  - {fileID: 4711784796529830}
  m_Father: {fileID: 4067440440890372}
  m_RootOrder: 0
  m_LocalEulerAnglesHint: {x: 0, y: 0, z: 0}
--- !u!4 &4271483327280568
Transform:
  m_ObjectHideFlags: 1
  m_PrefabParentObject: {fileID: 0}
  m_PrefabInternal: {fileID: 100100000}
  m_GameObject: {fileID: 1556463662828298}
  m_LocalRotation: {x: -0.1151666, y: -0.54792553, z: 0.29382566, w: 0.77471334}
  m_LocalPosition: {x: 0.000000005875578, y: 0.06453836, z: -0.000000024330802}
  m_LocalScale: {x: 1, y: 1, z: 1.0000001}
  m_Children: []
  m_Father: {fileID: 4470964254353930}
  m_RootOrder: 0
  m_LocalEulerAnglesHint: {x: 0, y: 0, z: 0}
--- !u!4 &4274042965577810
Transform:
  m_ObjectHideFlags: 1
  m_PrefabParentObject: {fileID: 0}
  m_PrefabInternal: {fileID: 100100000}
  m_GameObject: {fileID: 1076371832810346}
  m_LocalRotation: {x: 0.97434574, y: 0.00000006830176, z: 0.00000015874103, w: 0.2250564}
  m_LocalPosition: {x: -0, y: 0.13833879, z: 0.020325376}
  m_LocalScale: {x: 1, y: 0.9999999, z: 0.9999988}
  m_Children:
  - {fileID: 4803644429585202}
  m_Father: {fileID: 4386121454600630}
  m_RootOrder: 0
  m_LocalEulerAnglesHint: {x: 0, y: 0, z: 0}
--- !u!4 &4291561811862202
Transform:
  m_ObjectHideFlags: 1
  m_PrefabParentObject: {fileID: 0}
  m_PrefabInternal: {fileID: 100100000}
  m_GameObject: {fileID: 1251960193746148}
  m_LocalRotation: {x: -0.14618927, y: -0.29345915, z: 0.075038135, w: 0.94174296}
  m_LocalPosition: {x: -0.000000009126961, y: 0.27789947, z: -0.0000000037252903}
  m_LocalScale: {x: 0.9999999, y: 0.9999999, z: 1}
  m_Children:
  - {fileID: 4577317585298100}
  m_Father: {fileID: 4345488228229576}
  m_RootOrder: 0
  m_LocalEulerAnglesHint: {x: 0, y: 0, z: 0}
--- !u!4 &4345488228229576
Transform:
  m_ObjectHideFlags: 1
  m_PrefabParentObject: {fileID: 0}
  m_PrefabInternal: {fileID: 100100000}
  m_GameObject: {fileID: 1224297818821286}
  m_LocalRotation: {x: 0.14878882, y: -0.0061134086, z: 0.95278525, w: 0.26462212}
  m_LocalPosition: {x: -0.16295975, y: 0.17154686, z: 0.025288178}
  m_LocalScale: {x: 0.99999946, y: 1, z: 0.99999994}
  m_Children:
  - {fileID: 4291561811862202}
  m_Father: {fileID: 4541531219438436}
  m_RootOrder: 2
  m_LocalEulerAnglesHint: {x: 0, y: 0, z: 0}
--- !u!4 &4367814080930578
Transform:
  m_ObjectHideFlags: 1
  m_PrefabParentObject: {fileID: 0}
  m_PrefabInternal: {fileID: 100100000}
  m_GameObject: {fileID: 1649188087763904}
  m_LocalRotation: {x: -0.07719083, y: 0.026906868, z: -0.07626053, w: 0.9937313}
  m_LocalPosition: {x: 0.000000033772086, y: 0.028942728, z: -0.000000007450581}
  m_LocalScale: {x: 0.9999998, y: 1.0000001, z: 1}
  m_Children: []
  m_Father: {fileID: 4437934712933850}
  m_RootOrder: 0
  m_LocalEulerAnglesHint: {x: 0, y: 0, z: 0}
--- !u!4 &4376462884545448
Transform:
  m_ObjectHideFlags: 1
  m_PrefabParentObject: {fileID: 0}
  m_PrefabInternal: {fileID: 100100000}
  m_GameObject: {fileID: 1842417563932364}
  m_LocalRotation: {x: 0, y: 0, z: 0, w: 1}
  m_LocalPosition: {x: -0.09037986, y: 0.24388032, z: 0.34381342}
  m_LocalScale: {x: 1, y: 1, z: 1}
  m_Children: []
  m_Father: {fileID: 4409321354202618}
  m_RootOrder: 3
  m_LocalEulerAnglesHint: {x: 0, y: 0, z: 0}
--- !u!4 &4382498794323366
Transform:
  m_ObjectHideFlags: 1
  m_PrefabParentObject: {fileID: 0}
  m_PrefabInternal: {fileID: 100100000}
  m_GameObject: {fileID: 1176427087194820}
  m_LocalRotation: {x: 0.055311643, y: -0.3003801, z: 0.17768535, w: 0.93548936}
  m_LocalPosition: {x: -3.7252904e-10, y: 0.27545267, z: 0.00000002514571}
  m_LocalScale: {x: 1, y: 1.0000001, z: 1}
  m_Children:
  - {fileID: 4470964254353930}
  m_Father: {fileID: 4550786404293698}
  m_RootOrder: 0
  m_LocalEulerAnglesHint: {x: 0, y: 0, z: 0}
--- !u!4 &4386121454600630
Transform:
  m_ObjectHideFlags: 1
  m_PrefabParentObject: {fileID: 0}
  m_PrefabInternal: {fileID: 100100000}
  m_GameObject: {fileID: 1427542818076416}
  m_LocalRotation: {x: 0, y: 0, z: 0, w: 1}
  m_LocalPosition: {x: -0.09037986, y: -0.06877525, z: -0.0011378288}
  m_LocalScale: {x: 1, y: 1, z: 1}
  m_Children:
  - {fileID: 4274042965577810}
  - {fileID: 4919185226713472}
  m_Father: {fileID: 4409321354202618}
  m_RootOrder: 1
  m_LocalEulerAnglesHint: {x: 0, y: 0, z: 0}
--- !u!4 &4409321354202618
Transform:
  m_ObjectHideFlags: 1
  m_PrefabParentObject: {fileID: 0}
  m_PrefabInternal: {fileID: 100100000}
  m_GameObject: {fileID: 1490948610304526}
  m_LocalRotation: {x: 0, y: 0, z: 1, w: 0.00000004371139}
  m_LocalPosition: {x: -0, y: -0.03303807, z: -0.5530643}
  m_LocalScale: {x: 1, y: 1, z: 1}
  m_Children:
  - {fileID: 4616065170782842}
  - {fileID: 4386121454600630}
  - {fileID: 4666559972095510}
  - {fileID: 4376462884545448}
  - {fileID: 4057316609681278}
  m_Father: {fileID: 4609510364920548}
  m_RootOrder: 0
  m_LocalEulerAnglesHint: {x: 0, y: 0, z: 0}
--- !u!4 &4435594969975224
Transform:
  m_ObjectHideFlags: 1
  m_PrefabParentObject: {fileID: 0}
  m_PrefabInternal: {fileID: 100100000}
  m_GameObject: {fileID: 1938496795765186}
  m_LocalRotation: {x: 0.04769263, y: -0.5364066, z: -0.3119655, w: 0.7827331}
  m_LocalPosition: {x: 0.000000032468233, y: 0.06407326, z: 0.00000001777371}
  m_LocalScale: {x: 0.99999976, y: 0.9999998, z: 0.9999999}
  m_Children: []
  m_Father: {fileID: 4577317585298100}
  m_RootOrder: 0
  m_LocalEulerAnglesHint: {x: 0, y: 0, z: 0}
--- !u!4 &4437934712933850
Transform:
  m_ObjectHideFlags: 1
  m_PrefabParentObject: {fileID: 0}
  m_PrefabInternal: {fileID: 100100000}
  m_GameObject: {fileID: 1995766520285898}
  m_LocalRotation: {x: 0.21909232, y: -0.4291949, z: 0.6642904, w: 0.5714092}
  m_LocalPosition: {x: -0.022696866, y: 0.043010898, z: -0.00093377754}
  m_LocalScale: {x: 0.9999999, y: 0.9999998, z: 0.99999994}
  m_Children:
  - {fileID: 4367814080930578}
  m_Father: {fileID: 4470964254353930}
  m_RootOrder: 1
  m_LocalEulerAnglesHint: {x: 0, y: 0, z: 0}
--- !u!4 &4470964254353930
Transform:
  m_ObjectHideFlags: 1
  m_PrefabParentObject: {fileID: 0}
  m_PrefabInternal: {fileID: 100100000}
  m_GameObject: {fileID: 1197965513319286}
  m_LocalRotation: {x: -0.0020212813, y: -0.03000262, z: 0.034768417, w: 0.9989429}
  m_LocalPosition: {x: 0.000000025797636, y: 0.1871367, z: -0.0000000014901161}
  m_LocalScale: {x: 1, y: 0.99999994, z: 1}
  m_Children:
  - {fileID: 4271483327280568}
  - {fileID: 4437934712933850}
  m_Father: {fileID: 4382498794323366}
  m_RootOrder: 0
  m_LocalEulerAnglesHint: {x: 0, y: 0, z: 0}
--- !u!4 &4529135161813416
Transform:
  m_ObjectHideFlags: 1
  m_PrefabParentObject: {fileID: 0}
  m_PrefabInternal: {fileID: 100100000}
  m_GameObject: {fileID: 1315096589571942}
  m_LocalRotation: {x: -2.0390784e-10, y: 0.9743458, z: 0.2250562, w: 0.00000019978667}
  m_LocalPosition: {x: -6.302249e-10, y: 0.09668504, z: -0.0000000113255565}
  m_LocalScale: {x: 1, y: 0.9999996, z: 0.99999994}
  m_Children: []
  m_Father: {fileID: 4649620009470786}
  m_RootOrder: 0
  m_LocalEulerAnglesHint: {x: 0, y: 0, z: 0}
--- !u!4 &4533688158911172
Transform:
  m_ObjectHideFlags: 1
  m_PrefabParentObject: {fileID: 0}
  m_PrefabInternal: {fileID: 100100000}
  m_GameObject: {fileID: 1333620448727572}
  m_LocalRotation: {x: 0.20646739, y: 0.0000023591863, z: 0.0000012186597, w: 0.9784535}
  m_LocalPosition: {x: 0.0000000025749614, y: 0.096685044, z: -0.000000039920007}
  m_LocalScale: {x: 1, y: 0.9999999, z: 0.99999976}
  m_Children: []
  m_Father: {fileID: 4711784796529830}
  m_RootOrder: 0
  m_LocalEulerAnglesHint: {x: 0, y: 0, z: 0}
--- !u!4 &4541531219438436
Transform:
  m_ObjectHideFlags: 1
  m_PrefabParentObject: {fileID: 0}
  m_PrefabInternal: {fileID: 100100000}
  m_GameObject: {fileID: 1943961546688108}
  m_LocalRotation: {x: 0.06538081, y: 0.0000063035973, z: 0.0000004238088, w: 0.9978604}
  m_LocalPosition: {x: -4.8849814e-16, y: 0.26112208, z: 3.7252904e-10}
  m_LocalScale: {x: 1, y: 0.99999994, z: 1}
  m_Children:
  - {fileID: 4150808547522712}
  - {fileID: 4550786404293698}
  - {fileID: 4345488228229576}
  m_Father: {fileID: 4057316609681278}
  m_RootOrder: 0
  m_LocalEulerAnglesHint: {x: 0, y: 0, z: 0}
--- !u!4 &4550786404293698
Transform:
  m_ObjectHideFlags: 1
  m_PrefabParentObject: {fileID: 0}
  m_PrefabInternal: {fileID: 100100000}
  m_GameObject: {fileID: 1465001385880920}
  m_LocalRotation: {x: 0.6062118, y: 0.19579388, z: 0.75145113, w: -0.17173612}
  m_LocalPosition: {x: 0.16295911, y: 0.17154686, z: 0.025292343}
  m_LocalScale: {x: 0.9999993, y: 0.9999998, z: 0.99999994}
  m_Children:
  - {fileID: 4382498794323366}
  m_Father: {fileID: 4541531219438436}
  m_RootOrder: 1
  m_LocalEulerAnglesHint: {x: 0, y: 0, z: 0}
--- !u!4 &4552780455575546
Transform:
  m_ObjectHideFlags: 1
  m_PrefabParentObject: {fileID: 0}
  m_PrefabInternal: {fileID: 100100000}
  m_GameObject: {fileID: 1777138331840668}
  m_LocalRotation: {x: 0, y: 0, z: 0, w: 1}
  m_LocalPosition: {x: 0, y: 0, z: 0}
  m_LocalScale: {x: 1, y: 1, z: 1}
  m_Children:
  - {fileID: 4609510364920548}
  - {fileID: 4075272294641664}
  m_Father: {fileID: 0}
  m_RootOrder: 0
  m_LocalEulerAnglesHint: {x: 0, y: 0, z: 0}
--- !u!4 &4577317585298100
Transform:
  m_ObjectHideFlags: 1
  m_PrefabParentObject: {fileID: 0}
  m_PrefabInternal: {fileID: 100100000}
  m_GameObject: {fileID: 1638125222691964}
  m_LocalRotation: {x: 0.01375401, y: -0.71015865, z: 0.039624877, w: 0.70279115}
  m_LocalPosition: {x: -0.0000000037252903, y: 0.18264697, z: 0.000000014901161}
  m_LocalScale: {x: 1, y: 0.99999994, z: 0.99999994}
  m_Children:
  - {fileID: 4435594969975224}
  - {fileID: 4967047189436730}
  m_Father: {fileID: 4291561811862202}
  m_RootOrder: 0
  m_LocalEulerAnglesHint: {x: 0, y: 0, z: 0}
--- !u!4 &4609510364920548
Transform:
  m_ObjectHideFlags: 1
  m_PrefabParentObject: {fileID: 0}
  m_PrefabInternal: {fileID: 100100000}
  m_GameObject: {fileID: 1645294712462558}
  m_LocalRotation: {x: -0.70710677, y: 0.00000017881393, z: 0.00000018016597, w: 0.7071069}
  m_LocalPosition: {x: 0.001, y: 0.553, z: -0.046}
  m_LocalScale: {x: 0.9658526, y: 0.9658527, z: 0.9658527}
  m_Children:
  - {fileID: 4409321354202618}
  m_Father: {fileID: 4552780455575546}
  m_RootOrder: 0
  m_LocalEulerAnglesHint: {x: 0, y: 0, z: 0}
--- !u!4 &4616065170782842
Transform:
  m_ObjectHideFlags: 1
  m_PrefabParentObject: {fileID: 0}
  m_PrefabInternal: {fileID: 100100000}
  m_GameObject: {fileID: 1278737112730162}
  m_LocalRotation: {x: 0, y: 0, z: 0, w: 1}
  m_LocalPosition: {x: 0.09037986, y: -0.06877525, z: -0.0011378288}
  m_LocalScale: {x: 1, y: 1, z: 1}
  m_Children:
  - {fileID: 4649620009470786}
  - {fileID: 4784105050857830}
  m_Father: {fileID: 4409321354202618}
  m_RootOrder: 0
  m_LocalEulerAnglesHint: {x: 0, y: 0, z: 0}
--- !u!4 &4649620009470786
Transform:
  m_ObjectHideFlags: 1
  m_PrefabParentObject: {fileID: 0}
  m_PrefabInternal: {fileID: 100100000}
  m_GameObject: {fileID: 1107923722455342}
  m_LocalRotation: {x: 0.97434574, y: 0.0000000050309334, z: 0.00000015874089, w: 0.2250564}
  m_LocalPosition: {x: -0, y: 0.13833879, z: 0.020325376}
  m_LocalScale: {x: 1, y: 0.9999999, z: 0.9999988}
  m_Children:
  - {fileID: 4529135161813416}
  m_Father: {fileID: 4616065170782842}
  m_RootOrder: 0
  m_LocalEulerAnglesHint: {x: 0, y: 0, z: 0}
--- !u!4 &4666559972095510
Transform:
  m_ObjectHideFlags: 1
  m_PrefabParentObject: {fileID: 0}
  m_PrefabInternal: {fileID: 100100000}
  m_GameObject: {fileID: 1431330261337714}
  m_LocalRotation: {x: 0, y: 0, z: 0, w: 1}
  m_LocalPosition: {x: 0.09037986, y: 0.24388032, z: 0.34381342}
  m_LocalScale: {x: 1, y: 1, z: 1}
  m_Children: []
  m_Father: {fileID: 4409321354202618}
  m_RootOrder: 2
  m_LocalEulerAnglesHint: {x: 0, y: 0, z: 0}
--- !u!4 &4711784796529830
Transform:
  m_ObjectHideFlags: 1
  m_PrefabParentObject: {fileID: 0}
  m_PrefabInternal: {fileID: 100100000}
  m_GameObject: {fileID: 1948575516905452}
  m_LocalRotation: {x: -0.00000073908944, y: 0.8298045, z: -0.5580543, w: -0.00000074321156}
  m_LocalPosition: {x: 0.000000024831701, y: 0.2828634, z: -0.0000000049469464}
  m_LocalScale: {x: 1, y: 1, z: 0.9999998}
  m_Children:
  - {fileID: 4533688158911172}
  m_Father: {fileID: 4258445025867264}
  m_RootOrder: 0
  m_LocalEulerAnglesHint: {x: 0, y: 0, z: 0}
--- !u!4 &4784105050857830
Transform:
  m_ObjectHideFlags: 1
  m_PrefabParentObject: {fileID: 0}
  m_PrefabInternal: {fileID: 100100000}
  m_GameObject: {fileID: 1961220186584488}
  m_LocalRotation: {x: -0.019037131, y: 0.0000016250681, z: -0.000000030942232, w: 0.9998188}
  m_LocalPosition: {x: -0.0000000059604646, y: 0.1383388, z: 0.020325327}
  m_LocalScale: {x: 1, y: 1, z: 0.9999999}
  m_Children: []
  m_Father: {fileID: 4616065170782842}
  m_RootOrder: 1
  m_LocalEulerAnglesHint: {x: 0, y: 0, z: 0}
--- !u!4 &4803644429585202
Transform:
  m_ObjectHideFlags: 1
  m_PrefabParentObject: {fileID: 0}
  m_PrefabInternal: {fileID: 100100000}
  m_GameObject: {fileID: 1957766515915780}
  m_LocalRotation: {x: -0.0000000602706, y: 0.9743458, z: 0.2250562, w: 0.00000018591236}
  m_LocalPosition: {x: -0.000000002577708, y: 0.09668504, z: -0.000000022540892}
  m_LocalScale: {x: 1, y: 0.9999996, z: 0.99999994}
  m_Children: []
  m_Father: {fileID: 4274042965577810}
  m_RootOrder: 0
  m_LocalEulerAnglesHint: {x: 0, y: 0, z: 0}
--- !u!4 &4919185226713472
Transform:
  m_ObjectHideFlags: 1
  m_PrefabParentObject: {fileID: 0}
  m_PrefabInternal: {fileID: 100100000}
  m_GameObject: {fileID: 1027498536768062}
  m_LocalRotation: {x: -0.019037131, y: 0.0000023402579, z: -0.00000004455986, w: 0.9998188}
  m_LocalPosition: {x: 0.0000000059604646, y: 0.1383388, z: 0.020325327}
  m_LocalScale: {x: 1, y: 1, z: 0.9999999}
  m_Children: []
  m_Father: {fileID: 4386121454600630}
  m_RootOrder: 1
  m_LocalEulerAnglesHint: {x: 0, y: 0, z: 0}
--- !u!4 &4963242423448810
Transform:
  m_ObjectHideFlags: 1
  m_PrefabParentObject: {fileID: 0}
  m_PrefabInternal: {fileID: 100100000}
  m_GameObject: {fileID: 1304518063784680}
  m_LocalRotation: {x: 0.99422354, y: -0.00000020795663, z: -0.00000025177647, w: -0.10732925}
  m_LocalPosition: {x: 0.09037986, y: -0.032694634, z: -0.024260722}
  m_LocalScale: {x: 1, y: 0.9999999, z: 1.0000024}
  m_Children:
  - {fileID: 4124908071862862}
  m_Father: {fileID: 4057316609681278}
  m_RootOrder: 1
  m_LocalEulerAnglesHint: {x: 0, y: 0, z: 0}
--- !u!4 &4967047189436730
Transform:
  m_ObjectHideFlags: 1
  m_PrefabParentObject: {fileID: 0}
  m_PrefabInternal: {fileID: 100100000}
  m_GameObject: {fileID: 1300682547394564}
  m_LocalRotation: {x: 0.47959134, y: 0.59320885, z: 0.5155422, w: 0.39027125}
  m_LocalPosition: {x: -0.002917225, y: 0.042700965, z: 0.022362892}
  m_LocalScale: {x: 0.99999976, y: 0.9999996, z: 0.99999994}
  m_Children:
  - {fileID: 4184303400417954}
  m_Father: {fileID: 4577317585298100}
  m_RootOrder: 1
  m_LocalEulerAnglesHint: {x: 0, y: 0, z: 0}
--- !u!95 &95423561678125248
Animator:
  serializedVersion: 3
  m_ObjectHideFlags: 1
  m_PrefabParentObject: {fileID: 0}
  m_PrefabInternal: {fileID: 100100000}
  m_GameObject: {fileID: 1777138331840668}
  m_Enabled: 1
  m_Avatar: {fileID: 9000000, guid: 4847d1e1df14b8c4dbc428ab2e5947e0, type: 3}
  m_Controller: {fileID: 9100000, guid: ff6b6f07a926c0841afd32e9603f17d4, type: 2}
  m_CullingMode: 1
  m_UpdateMode: 0
  m_ApplyRootMotion: 0
  m_LinearVelocityBlending: 0
  m_WarningMessage: 
  m_HasTransformHierarchy: 1
  m_AllowConstantClipSamplingOptimization: 1
--- !u!114 &114221483271276802
MonoBehaviour:
  m_ObjectHideFlags: 1
  m_PrefabParentObject: {fileID: 0}
  m_PrefabInternal: {fileID: 100100000}
  m_GameObject: {fileID: 1777138331840668}
  m_Enabled: 1
  m_EditorHideFlags: 0
  m_Script: {fileID: 11500000, guid: 4e6b1e7f5ea19374e87651b1d32a0845, type: 3}
  m_Name: 
  m_EditorClassIdentifier: 
--- !u!137 &137847347032112678
SkinnedMeshRenderer:
  m_ObjectHideFlags: 1
  m_PrefabParentObject: {fileID: 0}
  m_PrefabInternal: {fileID: 100100000}
  m_GameObject: {fileID: 1278007986120370}
  m_Enabled: 1
  m_CastShadows: 1
  m_ReceiveShadows: 1
  m_MotionVectors: 1
  m_LightProbeUsage: 1
  m_ReflectionProbeUsage: 1
  m_Materials:
  - {fileID: 2100000, guid: c68dbcbc30846bf41ac6e9b67d3eef34, type: 2}
  m_StaticBatchInfo:
    firstSubMesh: 0
    subMeshCount: 0
  m_StaticBatchRoot: {fileID: 0}
  m_ProbeAnchor: {fileID: 0}
  m_LightProbeVolumeOverride: {fileID: 0}
  m_ScaleInLightmap: 1
  m_PreserveUVs: 0
  m_IgnoreNormalsForChartDetection: 0
  m_ImportantGI: 0
  m_SelectedEditorRenderState: 3
  m_MinimumChartSize: 4
  m_AutoUVMaxDistance: 0.5
  m_AutoUVMaxAngle: 89
  m_LightmapParameters: {fileID: 0}
  m_SortingLayerID: 0
  m_SortingLayer: 0
  m_SortingOrder: 0
  serializedVersion: 2
  m_Quality: 0
  m_UpdateWhenOffscreen: 0
  m_SkinnedMotionVectors: 1
  m_Mesh: {fileID: 4300000, guid: 4847d1e1df14b8c4dbc428ab2e5947e0, type: 3}
  m_Bones:
  - {fileID: 4409321354202618}
  - {fileID: 4057316609681278}
  - {fileID: 4541531219438436}
  - {fileID: 4150808547522712}
  - {fileID: 4121313444335256}
  - {fileID: 4550786404293698}
  - {fileID: 4382498794323366}
  - {fileID: 4470964254353930}
  - {fileID: 4271483327280568}
  - {fileID: 4437934712933850}
  - {fileID: 4367814080930578}
  - {fileID: 4345488228229576}
  - {fileID: 4291561811862202}
  - {fileID: 4577317585298100}
  - {fileID: 4435594969975224}
  - {fileID: 4967047189436730}
  - {fileID: 4184303400417954}
  - {fileID: 4963242423448810}
  - {fileID: 4124908071862862}
  - {fileID: 4105933838410882}
  - {fileID: 4118108881220348}
  - {fileID: 4067440440890372}
  - {fileID: 4258445025867264}
  - {fileID: 4711784796529830}
  - {fileID: 4533688158911172}
  - {fileID: 4616065170782842}
  - {fileID: 4649620009470786}
  - {fileID: 4529135161813416}
  - {fileID: 4784105050857830}
  - {fileID: 4666559972095510}
  - {fileID: 4386121454600630}
  - {fileID: 4274042965577810}
  - {fileID: 4803644429585202}
  - {fileID: 4919185226713472}
  - {fileID: 4376462884545448}
  m_BlendShapeWeights: []
  m_RootBone: {fileID: 4409321354202618}
  m_AABB:
    m_Center: {x: 0.00047922134, y: -0.129629, z: 0.70774865}
    m_Extent: {x: 0.50420475, y: 0.33167607, z: 0.78882563}
  m_DirtyAABB: 0
