%YAML 1.1
%TAG !u! tag:unity3d.com,2011:
--- !u!1 &111742
GameObject:
  m_ObjectHideFlags: 1
  m_PrefabParentObject: {fileID: 0}
  m_PrefabInternal: {fileID: 100100000}
  serializedVersion: 5
  m_Component:
  - component: {fileID: 487662}
  m_Layer: 0
  m_Name: Lower Arm.L.001
  m_TagString: Untagged
  m_Icon: {fileID: 0}
  m_NavMeshLayer: 0
  m_StaticEditorFlags: 0
  m_IsActive: 1
--- !u!1 &113428
GameObject:
  m_ObjectHideFlags: 1
  m_PrefabParentObject: {fileID: 0}
  m_PrefabInternal: {fileID: 100100000}
  serializedVersion: 5
  m_Component:
  - component: {fileID: 464798}
  m_Layer: 0
  m_Name: Foot Roll.L.001
  m_TagString: Untagged
  m_Icon: {fileID: 0}
  m_NavMeshLayer: 0
  m_StaticEditorFlags: 0
  m_IsActive: 1
--- !u!1 &115974
GameObject:
  m_ObjectHideFlags: 1
  m_PrefabParentObject: {fileID: 0}
  m_PrefabInternal: {fileID: 100100000}
  serializedVersion: 5
  m_Component:
  - component: {fileID: 490526}
  m_Layer: 0
  m_Name: Foot.R.001
  m_TagString: Untagged
  m_Icon: {fileID: 0}
  m_NavMeshLayer: 0
  m_StaticEditorFlags: 0
  m_IsActive: 1
--- !u!1 &118248
GameObject:
  m_ObjectHideFlags: 1
  m_PrefabParentObject: {fileID: 0}
  m_PrefabInternal: {fileID: 100100000}
  serializedVersion: 5
  m_Component:
  - component: {fileID: 474350}
  m_Layer: 0
  m_Name: Upper Arm.R.001
  m_TagString: Untagged
  m_Icon: {fileID: 0}
  m_NavMeshLayer: 0
  m_StaticEditorFlags: 0
  m_IsActive: 1
--- !u!1 &121342
GameObject:
  m_ObjectHideFlags: 1
  m_PrefabParentObject: {fileID: 0}
  m_PrefabInternal: {fileID: 100100000}
  serializedVersion: 5
  m_Component:
  - component: {fileID: 444122}
  m_Layer: 0
  m_Name: Hand.L.001
  m_TagString: Untagged
  m_Icon: {fileID: 0}
  m_NavMeshLayer: 0
  m_StaticEditorFlags: 0
  m_IsActive: 1
--- !u!1 &125228
GameObject:
  m_ObjectHideFlags: 1
  m_PrefabParentObject: {fileID: 0}
  m_PrefabInternal: {fileID: 100100000}
  serializedVersion: 5
  m_Component:
  - component: {fileID: 400922}
  m_Layer: 0
  m_Name: Lower Leg.R.001
  m_TagString: Untagged
  m_Icon: {fileID: 0}
  m_NavMeshLayer: 0
  m_StaticEditorFlags: 0
  m_IsActive: 1
--- !u!1 &128802
GameObject:
  m_ObjectHideFlags: 0
  m_PrefabParentObject: {fileID: 0}
  m_PrefabInternal: {fileID: 100100000}
  serializedVersion: 5
  m_Component:
  - component: {fileID: 440098}
  m_Layer: 0
  m_Name: Armature 01
  m_TagString: Untagged
  m_Icon: {fileID: 0}
  m_NavMeshLayer: 0
  m_StaticEditorFlags: 0
  m_IsActive: 1
--- !u!1 &129328
GameObject:
  m_ObjectHideFlags: 1
  m_PrefabParentObject: {fileID: 0}
  m_PrefabInternal: {fileID: 100100000}
  serializedVersion: 5
  m_Component:
  - component: {fileID: 488112}
  m_Layer: 0
  m_Name: Thumb2.L.001
  m_TagString: Untagged
  m_Icon: {fileID: 0}
  m_NavMeshLayer: 0
  m_StaticEditorFlags: 0
  m_IsActive: 1
--- !u!1 &131838
GameObject:
  m_ObjectHideFlags: 1
  m_PrefabParentObject: {fileID: 0}
  m_PrefabInternal: {fileID: 100100000}
  serializedVersion: 5
  m_Component:
  - component: {fileID: 461398}
  m_Layer: 0
  m_Name: Toes.L.001
  m_TagString: Untagged
  m_Icon: {fileID: 0}
  m_NavMeshLayer: 0
  m_StaticEditorFlags: 0
  m_IsActive: 1
--- !u!1 &132170
GameObject:
  m_ObjectHideFlags: 1
  m_PrefabParentObject: {fileID: 0}
  m_PrefabInternal: {fileID: 100100000}
  serializedVersion: 5
  m_Component:
  - component: {fileID: 411536}
  m_Layer: 0
  m_Name: Upper Leg.L.001
  m_TagString: Untagged
  m_Icon: {fileID: 0}
  m_NavMeshLayer: 0
  m_StaticEditorFlags: 0
  m_IsActive: 1
--- !u!1 &133812
GameObject:
  m_ObjectHideFlags: 1
  m_PrefabParentObject: {fileID: 0}
  m_PrefabInternal: {fileID: 100100000}
  serializedVersion: 5
  m_Component:
  - component: {fileID: 489376}
  m_Layer: 0
  m_Name: Leg Pole Target.R.001
  m_TagString: Untagged
  m_Icon: {fileID: 0}
  m_NavMeshLayer: 0
  m_StaticEditorFlags: 0
  m_IsActive: 1
--- !u!1 &137172
GameObject:
  m_ObjectHideFlags: 1
  m_PrefabParentObject: {fileID: 0}
  m_PrefabInternal: {fileID: 100100000}
  serializedVersion: 5
  m_Component:
  - component: {fileID: 443344}
  m_Layer: 0
  m_Name: Foot.L.001
  m_TagString: Untagged
  m_Icon: {fileID: 0}
  m_NavMeshLayer: 0
  m_StaticEditorFlags: 0
  m_IsActive: 1
--- !u!1 &138788
GameObject:
  m_ObjectHideFlags: 1
  m_PrefabParentObject: {fileID: 0}
  m_PrefabInternal: {fileID: 100100000}
  serializedVersion: 5
  m_Component:
  - component: {fileID: 492794}
  m_Layer: 0
  m_Name: Thumb2.R.001
  m_TagString: Untagged
  m_Icon: {fileID: 0}
  m_NavMeshLayer: 0
  m_StaticEditorFlags: 0
  m_IsActive: 1
--- !u!1 &140312
GameObject:
  m_ObjectHideFlags: 1
  m_PrefabParentObject: {fileID: 0}
  m_PrefabInternal: {fileID: 100100000}
  serializedVersion: 5
  m_Component:
  - component: {fileID: 443026}
  m_Layer: 0
  m_Name: Lower Arm.R.001
  m_TagString: Untagged
  m_Icon: {fileID: 0}
  m_NavMeshLayer: 0
  m_StaticEditorFlags: 0
  m_IsActive: 1
--- !u!1 &141108
GameObject:
  m_ObjectHideFlags: 1
  m_PrefabParentObject: {fileID: 0}
  m_PrefabInternal: {fileID: 100100000}
  serializedVersion: 5
  m_Component:
  - component: {fileID: 438328}
  m_Layer: 0
  m_Name: Leg IK.R.001
  m_TagString: Untagged
  m_Icon: {fileID: 0}
  m_NavMeshLayer: 0
  m_StaticEditorFlags: 0
  m_IsActive: 1
--- !u!1 &149398
GameObject:
  m_ObjectHideFlags: 1
  m_PrefabParentObject: {fileID: 0}
  m_PrefabInternal: {fileID: 100100000}
  serializedVersion: 5
  m_Component:
  - component: {fileID: 487752}
  m_Layer: 0
  m_Name: Leg Control.L.001
  m_TagString: Untagged
  m_Icon: {fileID: 0}
  m_NavMeshLayer: 0
  m_StaticEditorFlags: 0
  m_IsActive: 1
--- !u!1 &155900
GameObject:
  m_ObjectHideFlags: 1
  m_PrefabParentObject: {fileID: 0}
  m_PrefabInternal: {fileID: 100100000}
  serializedVersion: 5
  m_Component:
  - component: {fileID: 471284}
  m_Layer: 0
  m_Name: Leg Pole Target.L.001
  m_TagString: Untagged
  m_Icon: {fileID: 0}
  m_NavMeshLayer: 0
  m_StaticEditorFlags: 0
  m_IsActive: 1
--- !u!1 &155910
GameObject:
  m_ObjectHideFlags: 0
  m_PrefabParentObject: {fileID: 0}
  m_PrefabInternal: {fileID: 100100000}
  serializedVersion: 5
  m_Component:
  - component: {fileID: 435042}
  - component: {fileID: 9565108}
  - component: {fileID: 13675366}
  m_Layer: 0
  m_Name: Character 01
  m_TagString: Untagged
  m_Icon: {fileID: 0}
  m_NavMeshLayer: 0
  m_StaticEditorFlags: 0
  m_IsActive: 1
--- !u!1 &156416
GameObject:
  m_ObjectHideFlags: 1
  m_PrefabParentObject: {fileID: 0}
  m_PrefabInternal: {fileID: 100100000}
  serializedVersion: 5
  m_Component:
  - component: {fileID: 426476}
  m_Layer: 0
  m_Name: Upper Arm.L.001
  m_TagString: Untagged
  m_Icon: {fileID: 0}
  m_NavMeshLayer: 0
  m_StaticEditorFlags: 0
  m_IsActive: 1
--- !u!1 &157852
GameObject:
  m_ObjectHideFlags: 1
  m_PrefabParentObject: {fileID: 0}
  m_PrefabInternal: {fileID: 100100000}
  serializedVersion: 5
  m_Component:
  - component: {fileID: 466020}
  m_Layer: 0
  m_Name: Foot Roll.R.001
  m_TagString: Untagged
  m_Icon: {fileID: 0}
  m_NavMeshLayer: 0
  m_StaticEditorFlags: 0
  m_IsActive: 1
--- !u!1 &158470
GameObject:
  m_ObjectHideFlags: 1
  m_PrefabParentObject: {fileID: 0}
  m_PrefabInternal: {fileID: 100100000}
  serializedVersion: 5
  m_Component:
  - component: {fileID: 410620}
  m_Layer: 0
  m_Name: Upper Leg.R.001
  m_TagString: Untagged
  m_Icon: {fileID: 0}
  m_NavMeshLayer: 0
  m_StaticEditorFlags: 0
  m_IsActive: 1
--- !u!1 &160270
GameObject:
  m_ObjectHideFlags: 1
  m_PrefabParentObject: {fileID: 0}
  m_PrefabInternal: {fileID: 100100000}
  serializedVersion: 5
  m_Component:
  - component: {fileID: 479530}
  m_Layer: 0
  m_Name: Torso.001
  m_TagString: Untagged
  m_Icon: {fileID: 0}
  m_NavMeshLayer: 0
  m_StaticEditorFlags: 0
  m_IsActive: 1
--- !u!1 &165594
GameObject:
  m_ObjectHideFlags: 1
  m_PrefabParentObject: {fileID: 0}
  m_PrefabInternal: {fileID: 100100000}
  serializedVersion: 5
  m_Component:
  - component: {fileID: 496672}
  m_Layer: 0
  m_Name: Hand.R.001
  m_TagString: Untagged
  m_Icon: {fileID: 0}
  m_NavMeshLayer: 0
  m_StaticEditorFlags: 0
  m_IsActive: 1
--- !u!1 &171178
GameObject:
  m_ObjectHideFlags: 1
  m_PrefabParentObject: {fileID: 0}
  m_PrefabInternal: {fileID: 100100000}
  serializedVersion: 5
  m_Component:
  - component: {fileID: 438248}
  m_Layer: 0
  m_Name: Lower Leg.L.001
  m_TagString: Untagged
  m_Icon: {fileID: 0}
  m_NavMeshLayer: 0
  m_StaticEditorFlags: 0
  m_IsActive: 1
--- !u!1 &171332
GameObject:
  m_ObjectHideFlags: 1
  m_PrefabParentObject: {fileID: 0}
  m_PrefabInternal: {fileID: 100100000}
  serializedVersion: 5
  m_Component:
  - component: {fileID: 413008}
  m_Layer: 0
  m_Name: Head.001
  m_TagString: Untagged
  m_Icon: {fileID: 0}
  m_NavMeshLayer: 0
  m_StaticEditorFlags: 0
  m_IsActive: 1
--- !u!1 &175526
GameObject:
  m_ObjectHideFlags: 1
  m_PrefabParentObject: {fileID: 0}
  m_PrefabInternal: {fileID: 100100000}
  serializedVersion: 5
  m_Component:
  - component: {fileID: 499702}
  m_Layer: 0
  m_Name: Thumb1.R.001
  m_TagString: Untagged
  m_Icon: {fileID: 0}
  m_NavMeshLayer: 0
  m_StaticEditorFlags: 0
  m_IsActive: 1
--- !u!1 &178480
GameObject:
  m_ObjectHideFlags: 1
  m_PrefabParentObject: {fileID: 0}
  m_PrefabInternal: {fileID: 100100000}
  serializedVersion: 5
  m_Component:
  - component: {fileID: 444690}
  m_Layer: 0
  m_Name: Toes Control.L.001
  m_TagString: Untagged
  m_Icon: {fileID: 0}
  m_NavMeshLayer: 0
  m_StaticEditorFlags: 0
  m_IsActive: 1
--- !u!1 &179862
GameObject:
  m_ObjectHideFlags: 1
  m_PrefabParentObject: {fileID: 0}
  m_PrefabInternal: {fileID: 100100000}
  serializedVersion: 5
  m_Component:
  - component: {fileID: 412288}
  m_Layer: 0
  m_Name: Toes.R.001
  m_TagString: Untagged
  m_Icon: {fileID: 0}
  m_NavMeshLayer: 0
  m_StaticEditorFlags: 0
  m_IsActive: 1
--- !u!1 &181266
GameObject:
  m_ObjectHideFlags: 1
  m_PrefabParentObject: {fileID: 0}
  m_PrefabInternal: {fileID: 100100000}
  serializedVersion: 5
  m_Component:
  - component: {fileID: 460228}
  m_Layer: 0
  m_Name: Chest.001
  m_TagString: Untagged
  m_Icon: {fileID: 0}
  m_NavMeshLayer: 0
  m_StaticEditorFlags: 0
  m_IsActive: 1
--- !u!1 &181984
GameObject:
  m_ObjectHideFlags: 1
  m_PrefabParentObject: {fileID: 0}
  m_PrefabInternal: {fileID: 100100000}
  serializedVersion: 5
  m_Component:
  - component: {fileID: 490912}
  m_Layer: 0
  m_Name: Fingers.R.001
  m_TagString: Untagged
  m_Icon: {fileID: 0}
  m_NavMeshLayer: 0
  m_StaticEditorFlags: 0
  m_IsActive: 1
--- !u!1 &184120
GameObject:
  m_ObjectHideFlags: 1
  m_PrefabParentObject: {fileID: 0}
  m_PrefabInternal: {fileID: 100100000}
  serializedVersion: 5
  m_Component:
  - component: {fileID: 417784}
  m_Layer: 0
  m_Name: Leg IK.L.001
  m_TagString: Untagged
  m_Icon: {fileID: 0}
  m_NavMeshLayer: 0
  m_StaticEditorFlags: 0
  m_IsActive: 1
--- !u!1 &185988
GameObject:
  m_ObjectHideFlags: 1
  m_PrefabParentObject: {fileID: 0}
  m_PrefabInternal: {fileID: 100100000}
  serializedVersion: 5
  m_Component:
  - component: {fileID: 457100}
  m_Layer: 0
  m_Name: Fingers.L.001
  m_TagString: Untagged
  m_Icon: {fileID: 0}
  m_NavMeshLayer: 0
  m_StaticEditorFlags: 0
  m_IsActive: 1
--- !u!1 &187380
GameObject:
  m_ObjectHideFlags: 1
  m_PrefabParentObject: {fileID: 0}
  m_PrefabInternal: {fileID: 100100000}
  serializedVersion: 5
  m_Component:
  - component: {fileID: 468620}
  m_Layer: 0
  m_Name: Toes Control.R.001
  m_TagString: Untagged
  m_Icon: {fileID: 0}
  m_NavMeshLayer: 0
  m_StaticEditorFlags: 0
  m_IsActive: 1
--- !u!1 &188246
GameObject:
  m_ObjectHideFlags: 1
  m_PrefabParentObject: {fileID: 0}
  m_PrefabInternal: {fileID: 100100000}
  serializedVersion: 5
  m_Component:
  - component: {fileID: 458248}
  m_Layer: 0
  m_Name: Leg Control.R.001
  m_TagString: Untagged
  m_Icon: {fileID: 0}
  m_NavMeshLayer: 0
  m_StaticEditorFlags: 0
  m_IsActive: 1
--- !u!1 &188604
GameObject:
  m_ObjectHideFlags: 1
  m_PrefabParentObject: {fileID: 0}
  m_PrefabInternal: {fileID: 100100000}
  serializedVersion: 5
  m_Component:
  - component: {fileID: 444160}
  m_Layer: 0
  m_Name: Neck.001
  m_TagString: Untagged
  m_Icon: {fileID: 0}
  m_NavMeshLayer: 0
  m_StaticEditorFlags: 0
  m_IsActive: 1
--- !u!1 &192688
GameObject:
  m_ObjectHideFlags: 1
  m_PrefabParentObject: {fileID: 0}
  m_PrefabInternal: {fileID: 100100000}
  serializedVersion: 5
  m_Component:
  - component: {fileID: 405082}
  m_Layer: 0
  m_Name: Root.001
  m_TagString: Untagged
  m_Icon: {fileID: 0}
  m_NavMeshLayer: 0
  m_StaticEditorFlags: 0
  m_IsActive: 1
--- !u!1 &194890
GameObject:
  m_ObjectHideFlags: 1
  m_PrefabParentObject: {fileID: 0}
  m_PrefabInternal: {fileID: 100100000}
  serializedVersion: 5
  m_Component:
  - component: {fileID: 469542}
  m_Layer: 0
  m_Name: Thumb1.L.001
  m_TagString: Untagged
  m_Icon: {fileID: 0}
  m_NavMeshLayer: 0
  m_StaticEditorFlags: 0
  m_IsActive: 1
--- !u!1 &197326
GameObject:
  m_ObjectHideFlags: 0
  m_PrefabParentObject: {fileID: 0}
  m_PrefabInternal: {fileID: 100100000}
  serializedVersion: 5
  m_Component:
  - component: {fileID: 466926}
  - component: {fileID: 13760692}
  m_Layer: 0
  m_Name: Character 1
  m_TagString: Untagged
  m_Icon: {fileID: 0}
  m_NavMeshLayer: 0
  m_StaticEditorFlags: 0
  m_IsActive: 1
--- !u!4 &400922
Transform:
  m_ObjectHideFlags: 1
  m_PrefabParentObject: {fileID: 0}
  m_PrefabInternal: {fileID: 100100000}
  m_GameObject: {fileID: 125228}
  m_LocalRotation: {x: -0.000000007114973, y: 0.99720854, z: -0.07466665, w: 0.00000019578496}
  m_LocalPosition: {x: 6.178027e-11, y: 0.18289644, z: -0.0000000035983987}
  m_LocalScale: {x: 1.0000001, y: 0.9999996, z: 0.9999997}
  m_Children:
  - {fileID: 490526}
  m_Father: {fileID: 410620}
  m_RootOrder: 0
  m_LocalEulerAnglesHint: {x: 0, y: 0, z: 0}
--- !u!4 &405082
Transform:
  m_ObjectHideFlags: 1
  m_PrefabParentObject: {fileID: 0}
  m_PrefabInternal: {fileID: 100100000}
  m_GameObject: {fileID: 192688}
  m_LocalRotation: {x: 0, y: 0, z: 1, w: 0.00000004371139}
  m_LocalPosition: {x: -0, y: -0.03303807, z: -0.5530643}
  m_LocalScale: {x: 1, y: 1, z: 1}
  m_Children:
  - {fileID: 487752}
  - {fileID: 458248}
  - {fileID: 471284}
  - {fileID: 489376}
  - {fileID: 479530}
  m_Father: {fileID: 440098}
  m_RootOrder: 0
  m_LocalEulerAnglesHint: {x: 0, y: 0, z: 0}
--- !u!4 &410620
Transform:
  m_ObjectHideFlags: 1
  m_PrefabParentObject: {fileID: 0}
  m_PrefabInternal: {fileID: 100100000}
  m_GameObject: {fileID: 158470}
  m_LocalRotation: {x: 0.9942235, y: 0.00000039653727, z: 0.00000043551455, w: -0.10733009}
  m_LocalPosition: {x: -0.09037986, y: -0.032694627, z: -0.02426075}
  m_LocalScale: {x: 1, y: 0.9999999, z: 1.0000024}
  m_Children:
  - {fileID: 400922}
  m_Father: {fileID: 479530}
  m_RootOrder: 2
  m_LocalEulerAnglesHint: {x: 0, y: 0, z: 0}
--- !u!4 &411536
Transform:
  m_ObjectHideFlags: 1
  m_PrefabParentObject: {fileID: 0}
  m_PrefabInternal: {fileID: 100100000}
  m_GameObject: {fileID: 132170}
  m_LocalRotation: {x: 0.9942235, y: -0.0000004094554, z: -0.00000048087327, w: -0.10733009}
  m_LocalPosition: {x: 0.09037986, y: -0.032694634, z: -0.024260722}
  m_LocalScale: {x: 1, y: 0.9999999, z: 1.0000024}
  m_Children:
  - {fileID: 438248}
  m_Father: {fileID: 479530}
  m_RootOrder: 1
  m_LocalEulerAnglesHint: {x: 0, y: 0, z: 0}
--- !u!4 &412288
Transform:
  m_ObjectHideFlags: 1
  m_PrefabParentObject: {fileID: 0}
  m_PrefabInternal: {fileID: 100100000}
  m_GameObject: {fileID: 179862}
  m_LocalRotation: {x: 0.20646714, y: 0.0000020565708, z: -0.0000012374556, w: 0.9784536}
  m_LocalPosition: {x: -0.000000001420517, y: 0.096685074, z: -0.00000008802535}
  m_LocalScale: {x: 1.0000001, y: 0.9999999, z: 0.9999999}
  m_Children: []
  m_Father: {fileID: 490526}
  m_RootOrder: 0
  m_LocalEulerAnglesHint: {x: 0, y: 0, z: 0}
--- !u!4 &413008
Transform:
  m_ObjectHideFlags: 1
  m_PrefabParentObject: {fileID: 0}
  m_PrefabInternal: {fileID: 100100000}
  m_GameObject: {fileID: 171332}
  m_LocalRotation: {x: 0.04194528, y: 0.00000095283553, z: 0.000000046335714, w: 0.99911994}
  m_LocalPosition: {x: 3.996803e-16, y: 0.037944764, z: -0.0000000044703485}
  m_LocalScale: {x: 1, y: 0.9999998, z: 0.9999998}
  m_Children: []
  m_Father: {fileID: 444160}
  m_RootOrder: 0
  m_LocalEulerAnglesHint: {x: 0, y: 0, z: 0}
--- !u!4 &417784
Transform:
  m_ObjectHideFlags: 1
  m_PrefabParentObject: {fileID: 0}
  m_PrefabInternal: {fileID: 100100000}
  m_GameObject: {fileID: 184120}
  m_LocalRotation: {x: -2.0390784e-10, y: 0.9743458, z: 0.2250562, w: 0.00000019978667}
  m_LocalPosition: {x: -6.302249e-10, y: 0.09668504, z: -0.0000000113255565}
  m_LocalScale: {x: 1, y: 0.9999996, z: 0.99999994}
  m_Children: []
  m_Father: {fileID: 464798}
  m_RootOrder: 0
  m_LocalEulerAnglesHint: {x: 0, y: 0, z: 0}
--- !u!4 &426476
Transform:
  m_ObjectHideFlags: 1
  m_PrefabParentObject: {fileID: 0}
  m_PrefabInternal: {fileID: 100100000}
  m_GameObject: {fileID: 156416}
  m_LocalRotation: {x: 0.6062118, y: 0.19579388, z: 0.75145113, w: -0.17173612}
  m_LocalPosition: {x: 0.16295911, y: 0.17154686, z: 0.025292343}
  m_LocalScale: {x: 0.9999993, y: 0.9999998, z: 0.99999994}
  m_Children:
  - {fileID: 487662}
  m_Father: {fileID: 460228}
  m_RootOrder: 1
  m_LocalEulerAnglesHint: {x: 0, y: 0, z: 0}
--- !u!4 &435042
Transform:
  m_ObjectHideFlags: 1
  m_PrefabParentObject: {fileID: 0}
  m_PrefabInternal: {fileID: 100100000}
  m_GameObject: {fileID: 155910}
  m_LocalRotation: {x: 0, y: 0, z: 0, w: 1}
  m_LocalPosition: {x: -4, y: 0, z: 1}
  m_LocalScale: {x: 1, y: 1, z: 1}
  m_Children:
  - {fileID: 440098}
  - {fileID: 466926}
  m_Father: {fileID: 0}
  m_RootOrder: 0
  m_LocalEulerAnglesHint: {x: 0, y: 0, z: 0}
--- !u!4 &438248
Transform:
  m_ObjectHideFlags: 1
  m_PrefabParentObject: {fileID: 0}
  m_PrefabInternal: {fileID: 100100000}
  m_GameObject: {fileID: 171178}
  m_LocalRotation: {x: -0.000000007115005, y: 0.99720854, z: -0.07466665, w: 0.00000019578496}
  m_LocalPosition: {x: 0.000000003884671, y: 0.18289644, z: 0.0000000020691062}
  m_LocalScale: {x: 1.0000001, y: 0.9999996, z: 0.9999997}
  m_Children:
  - {fileID: 443344}
  m_Father: {fileID: 411536}
  m_RootOrder: 0
  m_LocalEulerAnglesHint: {x: 0, y: 0, z: 0}
--- !u!4 &438328
Transform:
  m_ObjectHideFlags: 1
  m_PrefabParentObject: {fileID: 0}
  m_PrefabInternal: {fileID: 100100000}
  m_GameObject: {fileID: 141108}
  m_LocalRotation: {x: -0.0000000602706, y: 0.9743458, z: 0.2250562, w: 0.00000018591236}
  m_LocalPosition: {x: -0.000000002577708, y: 0.09668504, z: -0.000000022540892}
  m_LocalScale: {x: 1, y: 0.9999996, z: 0.99999994}
  m_Children: []
  m_Father: {fileID: 466020}
  m_RootOrder: 0
  m_LocalEulerAnglesHint: {x: 0, y: 0, z: 0}
--- !u!4 &440098
Transform:
  m_ObjectHideFlags: 1
  m_PrefabParentObject: {fileID: 0}
  m_PrefabInternal: {fileID: 100100000}
  m_GameObject: {fileID: 128802}
  m_LocalRotation: {x: -0.70710677, y: 0, z: -0.000000010327013, w: 0.7071068}
  m_LocalPosition: {x: -0.000118255615, y: 0.5530643, z: 0.04154873}
  m_LocalScale: {x: 0.9658526, y: 0.9658527, z: 0.9658527}
  m_Children:
  - {fileID: 405082}
  m_Father: {fileID: 435042}
  m_RootOrder: 0
  m_LocalEulerAnglesHint: {x: 0, y: 0, z: 0}
--- !u!4 &443026
Transform:
  m_ObjectHideFlags: 1
  m_PrefabParentObject: {fileID: 0}
  m_PrefabInternal: {fileID: 100100000}
  m_GameObject: {fileID: 140312}
  m_LocalRotation: {x: -0.14618927, y: -0.29345915, z: 0.075038135, w: 0.94174296}
  m_LocalPosition: {x: -0.000000009126961, y: 0.27789947, z: -0.0000000037252903}
  m_LocalScale: {x: 0.9999999, y: 0.9999999, z: 1}
  m_Children:
  - {fileID: 496672}
  m_Father: {fileID: 474350}
  m_RootOrder: 0
  m_LocalEulerAnglesHint: {x: 0, y: 0, z: 0}
--- !u!4 &443344
Transform:
  m_ObjectHideFlags: 1
  m_PrefabParentObject: {fileID: 0}
  m_PrefabInternal: {fileID: 100100000}
  m_GameObject: {fileID: 137172}
  m_LocalRotation: {x: -0.0000015755102, y: 0.82980394, z: -0.55805504, w: -0.0000011863235}
  m_LocalPosition: {x: 0.00000011508672, y: 0.28286347, z: -0.00000010198209}
  m_LocalScale: {x: 1.0000001, y: 0.9999999, z: 1}
  m_Children:
  - {fileID: 461398}
  m_Father: {fileID: 438248}
  m_RootOrder: 0
  m_LocalEulerAnglesHint: {x: 0, y: 0, z: 0}
--- !u!4 &444122
Transform:
  m_ObjectHideFlags: 1
  m_PrefabParentObject: {fileID: 0}
  m_PrefabInternal: {fileID: 100100000}
  m_GameObject: {fileID: 121342}
  m_LocalRotation: {x: -0.0020212813, y: -0.03000262, z: 0.034768417, w: 0.9989429}
  m_LocalPosition: {x: 0.000000025797636, y: 0.1871367, z: -0.0000000014901161}
  m_LocalScale: {x: 1, y: 0.99999994, z: 1}
  m_Children:
  - {fileID: 457100}
  - {fileID: 469542}
  m_Father: {fileID: 487662}
  m_RootOrder: 0
  m_LocalEulerAnglesHint: {x: 0, y: 0, z: 0}
--- !u!4 &444160
Transform:
  m_ObjectHideFlags: 1
  m_PrefabParentObject: {fileID: 0}
  m_PrefabInternal: {fileID: 100100000}
  m_GameObject: {fileID: 188604}
  m_LocalRotation: {x: -0.04994344, y: -0.000006309244, z: -0.00000032395803, w: 0.99875206}
  m_LocalPosition: {x: -1.1990409e-14, y: 0.2363292, z: 0.0000000014901106}
  m_LocalScale: {x: 1, y: 0.9999998, z: 0.9999998}
  m_Children:
  - {fileID: 413008}
  m_Father: {fileID: 460228}
  m_RootOrder: 0
  m_LocalEulerAnglesHint: {x: 0, y: 0, z: 0}
--- !u!4 &444690
Transform:
  m_ObjectHideFlags: 1
  m_PrefabParentObject: {fileID: 0}
  m_PrefabInternal: {fileID: 100100000}
  m_GameObject: {fileID: 178480}
  m_LocalRotation: {x: -0.019037131, y: 0.0000016250681, z: -0.000000030942232, w: 0.9998188}
  m_LocalPosition: {x: -0.0000000059604646, y: 0.1383388, z: 0.020325327}
  m_LocalScale: {x: 1, y: 1, z: 0.9999999}
  m_Children: []
  m_Father: {fileID: 487752}
  m_RootOrder: 1
  m_LocalEulerAnglesHint: {x: 0, y: 0, z: 0}
--- !u!4 &457100
Transform:
  m_ObjectHideFlags: 1
  m_PrefabParentObject: {fileID: 0}
  m_PrefabInternal: {fileID: 100100000}
  m_GameObject: {fileID: 185988}
  m_LocalRotation: {x: -0.1151666, y: -0.54792553, z: 0.29382566, w: 0.77471334}
  m_LocalPosition: {x: 0.000000005875578, y: 0.06453836, z: -0.000000024330802}
  m_LocalScale: {x: 1, y: 1, z: 1.0000001}
  m_Children: []
  m_Father: {fileID: 444122}
  m_RootOrder: 0
  m_LocalEulerAnglesHint: {x: 0, y: 0, z: 0}
--- !u!4 &458248
Transform:
  m_ObjectHideFlags: 1
  m_PrefabParentObject: {fileID: 0}
  m_PrefabInternal: {fileID: 100100000}
  m_GameObject: {fileID: 188246}
  m_LocalRotation: {x: 0, y: 0, z: 0, w: 1}
  m_LocalPosition: {x: -0.09037986, y: -0.06877525, z: -0.0011378288}
  m_LocalScale: {x: 1, y: 1, z: 1}
  m_Children:
  - {fileID: 466020}
  - {fileID: 468620}
  m_Father: {fileID: 405082}
  m_RootOrder: 1
  m_LocalEulerAnglesHint: {x: 0, y: 0, z: 0}
--- !u!4 &460228
Transform:
  m_ObjectHideFlags: 1
  m_PrefabParentObject: {fileID: 0}
  m_PrefabInternal: {fileID: 100100000}
  m_GameObject: {fileID: 181266}
  m_LocalRotation: {x: 0.06538081, y: 0.0000063035973, z: 0.0000004238088, w: 0.9978604}
  m_LocalPosition: {x: -4.8849814e-16, y: 0.26112208, z: 3.7252904e-10}
  m_LocalScale: {x: 1, y: 0.99999994, z: 1}
  m_Children:
  - {fileID: 444160}
  - {fileID: 426476}
  - {fileID: 474350}
  m_Father: {fileID: 479530}
  m_RootOrder: 0
  m_LocalEulerAnglesHint: {x: 0, y: 0, z: 0}
--- !u!4 &461398
Transform:
  m_ObjectHideFlags: 1
  m_PrefabParentObject: {fileID: 0}
  m_PrefabInternal: {fileID: 100100000}
  m_GameObject: {fileID: 131838}
  m_LocalRotation: {x: 0.20646772, y: 0.0000016499051, z: 0.0000014491225, w: 0.9784534}
  m_LocalPosition: {x: -0.000000007480844, y: 0.096685074, z: -0.00000007416959}
  m_LocalScale: {x: 1.0000001, y: 1, z: 1.0000001}
  m_Children: []
  m_Father: {fileID: 443344}
  m_RootOrder: 0
  m_LocalEulerAnglesHint: {x: 0, y: 0, z: 0}
--- !u!4 &464798
Transform:
  m_ObjectHideFlags: 1
  m_PrefabParentObject: {fileID: 0}
  m_PrefabInternal: {fileID: 100100000}
  m_GameObject: {fileID: 113428}
  m_LocalRotation: {x: 0.97434574, y: 0.0000000050309334, z: 0.00000015874089, w: 0.2250564}
  m_LocalPosition: {x: -0, y: 0.13833879, z: 0.020325376}
  m_LocalScale: {x: 1, y: 0.9999999, z: 0.9999988}
  m_Children:
  - {fileID: 417784}
  m_Father: {fileID: 487752}
  m_RootOrder: 0
  m_LocalEulerAnglesHint: {x: 0, y: 0, z: 0}
--- !u!4 &466020
Transform:
  m_ObjectHideFlags: 1
  m_PrefabParentObject: {fileID: 0}
  m_PrefabInternal: {fileID: 100100000}
  m_GameObject: {fileID: 157852}
  m_LocalRotation: {x: 0.97434574, y: 0.00000006830176, z: 0.00000015874103, w: 0.2250564}
  m_LocalPosition: {x: -0, y: 0.13833879, z: 0.020325376}
  m_LocalScale: {x: 1, y: 0.9999999, z: 0.9999988}
  m_Children:
  - {fileID: 438328}
  m_Father: {fileID: 458248}
  m_RootOrder: 0
  m_LocalEulerAnglesHint: {x: 0, y: 0, z: 0}
--- !u!4 &466926
Transform:
  m_ObjectHideFlags: 1
  m_PrefabParentObject: {fileID: 0}
  m_PrefabInternal: {fileID: 100100000}
  m_GameObject: {fileID: 197326}
  m_LocalRotation: {x: -0.70710677, y: 0, z: -0.000000010327013, w: 0.7071068}
  m_LocalPosition: {x: -0.00011873245, y: 0.76879543, z: 0.074587345}
  m_LocalScale: {x: 0.9999998, y: 0.9999999, z: 0.9999999}
  m_Children: []
  m_Father: {fileID: 435042}
  m_RootOrder: 1
  m_LocalEulerAnglesHint: {x: 0, y: 0, z: 0}
--- !u!4 &468620
Transform:
  m_ObjectHideFlags: 1
  m_PrefabParentObject: {fileID: 0}
  m_PrefabInternal: {fileID: 100100000}
  m_GameObject: {fileID: 187380}
  m_LocalRotation: {x: -0.019037131, y: 0.0000023402579, z: -0.00000004455986, w: 0.9998188}
  m_LocalPosition: {x: 0.0000000059604646, y: 0.1383388, z: 0.020325327}
  m_LocalScale: {x: 1, y: 1, z: 0.9999999}
  m_Children: []
  m_Father: {fileID: 458248}
  m_RootOrder: 1
  m_LocalEulerAnglesHint: {x: 0, y: 0, z: 0}
--- !u!4 &469542
Transform:
  m_ObjectHideFlags: 1
  m_PrefabParentObject: {fileID: 0}
  m_PrefabInternal: {fileID: 100100000}
  m_GameObject: {fileID: 194890}
  m_LocalRotation: {x: 0.21909232, y: -0.4291949, z: 0.6642904, w: 0.5714092}
  m_LocalPosition: {x: -0.022696866, y: 0.043010898, z: -0.00093377754}
  m_LocalScale: {x: 0.9999999, y: 0.9999998, z: 0.99999994}
  m_Children:
  - {fileID: 488112}
  m_Father: {fileID: 444122}
  m_RootOrder: 1
  m_LocalEulerAnglesHint: {x: 0, y: 0, z: 0}
--- !u!4 &471284
Transform:
  m_ObjectHideFlags: 1
  m_PrefabParentObject: {fileID: 0}
  m_PrefabInternal: {fileID: 100100000}
  m_GameObject: {fileID: 155900}
  m_LocalRotation: {x: 0, y: 0, z: 0, w: 1}
  m_LocalPosition: {x: 0.09037986, y: 0.24388032, z: 0.34381342}
  m_LocalScale: {x: 1, y: 1, z: 1}
  m_Children: []
  m_Father: {fileID: 405082}
  m_RootOrder: 2
  m_LocalEulerAnglesHint: {x: 0, y: 0, z: 0}
--- !u!4 &474350
Transform:
  m_ObjectHideFlags: 1
  m_PrefabParentObject: {fileID: 0}
  m_PrefabInternal: {fileID: 100100000}
  m_GameObject: {fileID: 118248}
  m_LocalRotation: {x: 0.14878882, y: -0.0061134086, z: 0.95278525, w: 0.26462212}
  m_LocalPosition: {x: -0.16295975, y: 0.17154686, z: 0.025288178}
  m_LocalScale: {x: 0.99999946, y: 1, z: 0.99999994}
  m_Children:
  - {fileID: 443026}
  m_Father: {fileID: 460228}
  m_RootOrder: 2
  m_LocalEulerAnglesHint: {x: 0, y: 0, z: 0}
--- !u!4 &479530
Transform:
  m_ObjectHideFlags: 1
  m_PrefabParentObject: {fileID: 0}
  m_PrefabInternal: {fileID: 100100000}
  m_GameObject: {fileID: 160270}
  m_LocalRotation: {x: 0.65859723, y: 0.00000005681185, z: 0.00000004972271, w: 0.75249565}
  m_LocalPosition: {x: -0, y: -0.03303807, z: 0.5617134}
  m_LocalScale: {x: 1, y: 1, z: 1}
  m_Children:
  - {fileID: 460228}
  - {fileID: 411536}
  - {fileID: 410620}
  m_Father: {fileID: 405082}
  m_RootOrder: 4
  m_LocalEulerAnglesHint: {x: 0, y: 0, z: 0}
--- !u!4 &487662
Transform:
  m_ObjectHideFlags: 1
  m_PrefabParentObject: {fileID: 0}
  m_PrefabInternal: {fileID: 100100000}
  m_GameObject: {fileID: 111742}
  m_LocalRotation: {x: 0.055311643, y: -0.3003801, z: 0.17768535, w: 0.93548936}
  m_LocalPosition: {x: -3.7252904e-10, y: 0.27545267, z: 0.00000002514571}
  m_LocalScale: {x: 1, y: 1.0000001, z: 1}
  m_Children:
  - {fileID: 444122}
  m_Father: {fileID: 426476}
  m_RootOrder: 0
  m_LocalEulerAnglesHint: {x: 0, y: 0, z: 0}
--- !u!4 &487752
Transform:
  m_ObjectHideFlags: 1
  m_PrefabParentObject: {fileID: 0}
  m_PrefabInternal: {fileID: 100100000}
  m_GameObject: {fileID: 149398}
  m_LocalRotation: {x: 0, y: 0, z: 0, w: 1}
  m_LocalPosition: {x: 0.09037986, y: -0.06877525, z: -0.0011378288}
  m_LocalScale: {x: 1, y: 1, z: 1}
  m_Children:
  - {fileID: 464798}
  - {fileID: 444690}
  m_Father: {fileID: 405082}
  m_RootOrder: 0
  m_LocalEulerAnglesHint: {x: 0, y: 0, z: 0}
--- !u!4 &488112
Transform:
  m_ObjectHideFlags: 1
  m_PrefabParentObject: {fileID: 0}
  m_PrefabInternal: {fileID: 100100000}
  m_GameObject: {fileID: 129328}
  m_LocalRotation: {x: -0.07719083, y: 0.026906868, z: -0.07626053, w: 0.9937313}
  m_LocalPosition: {x: 0.000000033772086, y: 0.028942728, z: -0.000000007450581}
  m_LocalScale: {x: 0.9999998, y: 1.0000001, z: 1}
  m_Children: []
  m_Father: {fileID: 469542}
  m_RootOrder: 0
  m_LocalEulerAnglesHint: {x: 0, y: 0, z: 0}
--- !u!4 &489376
Transform:
  m_ObjectHideFlags: 1
  m_PrefabParentObject: {fileID: 0}
  m_PrefabInternal: {fileID: 100100000}
  m_GameObject: {fileID: 133812}
  m_LocalRotation: {x: 0, y: 0, z: 0, w: 1}
  m_LocalPosition: {x: -0.09037986, y: 0.24388032, z: 0.34381342}
  m_LocalScale: {x: 1, y: 1, z: 1}
  m_Children: []
  m_Father: {fileID: 405082}
  m_RootOrder: 3
  m_LocalEulerAnglesHint: {x: 0, y: 0, z: 0}
--- !u!4 &490526
Transform:
  m_ObjectHideFlags: 1
  m_PrefabParentObject: {fileID: 0}
  m_PrefabInternal: {fileID: 100100000}
  m_GameObject: {fileID: 115974}
  m_LocalRotation: {x: 0.00000173512, y: 0.8298036, z: -0.5580556, w: 0.0000009353232}
  m_LocalPosition: {x: -0.0000001386663, y: 0.28286347, z: -0.00000010788144}
  m_LocalScale: {x: 1.0000001, y: 1, z: 1}
  m_Children:
  - {fileID: 412288}
  m_Father: {fileID: 400922}
  m_RootOrder: 0
  m_LocalEulerAnglesHint: {x: 0, y: 0, z: 0}
--- !u!4 &490912
Transform:
  m_ObjectHideFlags: 1
  m_PrefabParentObject: {fileID: 0}
  m_PrefabInternal: {fileID: 100100000}
  m_GameObject: {fileID: 181984}
  m_LocalRotation: {x: 0.04769263, y: -0.5364066, z: -0.3119655, w: 0.7827331}
  m_LocalPosition: {x: 0.000000032468233, y: 0.06407326, z: 0.00000001777371}
  m_LocalScale: {x: 0.99999976, y: 0.9999998, z: 0.9999999}
  m_Children: []
  m_Father: {fileID: 496672}
  m_RootOrder: 0
  m_LocalEulerAnglesHint: {x: 0, y: 0, z: 0}
--- !u!4 &492794
Transform:
  m_ObjectHideFlags: 1
  m_PrefabParentObject: {fileID: 0}
  m_PrefabInternal: {fileID: 100100000}
  m_GameObject: {fileID: 138788}
  m_LocalRotation: {x: 0.011671947, y: 0.04975317, z: -0.115336075, w: 0.9920111}
  m_LocalPosition: {x: 0.0000000037252903, y: 0.02919786, z: 0.00000001937151}
  m_LocalScale: {x: 1, y: 1.0000002, z: 1}
  m_Children: []
  m_Father: {fileID: 499702}
  m_RootOrder: 0
  m_LocalEulerAnglesHint: {x: 0, y: 0, z: 0}
--- !u!4 &496672
Transform:
  m_ObjectHideFlags: 1
  m_PrefabParentObject: {fileID: 0}
  m_PrefabInternal: {fileID: 100100000}
  m_GameObject: {fileID: 165594}
  m_LocalRotation: {x: 0.01375401, y: -0.71015865, z: 0.039624877, w: 0.70279115}
  m_LocalPosition: {x: -0.0000000037252903, y: 0.18264697, z: 0.000000014901161}
  m_LocalScale: {x: 1, y: 0.99999994, z: 0.99999994}
  m_Children:
  - {fileID: 490912}
  - {fileID: 499702}
  m_Father: {fileID: 443026}
  m_RootOrder: 0
  m_LocalEulerAnglesHint: {x: 0, y: 0, z: 0}
--- !u!4 &499702
Transform:
  m_ObjectHideFlags: 1
  m_PrefabParentObject: {fileID: 0}
  m_PrefabInternal: {fileID: 100100000}
  m_GameObject: {fileID: 175526}
  m_LocalRotation: {x: 0.47959134, y: 0.59320885, z: 0.5155422, w: 0.39027125}
  m_LocalPosition: {x: -0.002917225, y: 0.042700965, z: 0.022362892}
  m_LocalScale: {x: 0.99999976, y: 0.9999996, z: 0.99999994}
  m_Children:
  - {fileID: 492794}
  m_Father: {fileID: 496672}
  m_RootOrder: 1
  m_LocalEulerAnglesHint: {x: 0, y: 0, z: 0}
--- !u!95 &9565108
Animator:
  serializedVersion: 3
  m_ObjectHideFlags: 1
  m_PrefabParentObject: {fileID: 0}
  m_PrefabInternal: {fileID: 100100000}
  m_GameObject: {fileID: 155910}
  m_Enabled: 1
  m_Avatar: {fileID: 9000000, guid: a153d4afebf16544283f846e0d20985f, type: 3}
  m_Controller: {fileID: 0}
  m_CullingMode: 1
  m_UpdateMode: 0
  m_ApplyRootMotion: 1
  m_LinearVelocityBlending: 0
  m_WarningMessage: 
  m_HasTransformHierarchy: 1
  m_AllowConstantClipSamplingOptimization: 1
--- !u!136 &13675366
CapsuleCollider:
  m_ObjectHideFlags: 1
  m_PrefabParentObject: {fileID: 0}
  m_PrefabInternal: {fileID: 100100000}
  m_GameObject: {fileID: 155910}
  m_Material: {fileID: 0}
  m_IsTrigger: 0
  m_Enabled: 1
  m_Radius: 0.14
  m_Height: 1.5
  m_Direction: 1
  m_Center: {x: 0, y: 0.75, z: 0}
--- !u!137 &13760692
SkinnedMeshRenderer:
  m_ObjectHideFlags: 1
  m_PrefabParentObject: {fileID: 0}
  m_PrefabInternal: {fileID: 100100000}
  m_GameObject: {fileID: 197326}
  m_Enabled: 1
  m_CastShadows: 1
  m_ReceiveShadows: 1
  m_MotionVectors: 1
  m_LightProbeUsage: 1
  m_ReflectionProbeUsage: 1
  m_Materials:
  - {fileID: 2100000, guid: c68dbcbc30846bf41ac6e9b67d3eef34, type: 2}
  m_StaticBatchInfo:
    firstSubMesh: 0
    subMeshCount: 0
  m_StaticBatchRoot: {fileID: 0}
  m_ProbeAnchor: {fileID: 0}
  m_LightProbeVolumeOverride: {fileID: 0}
  m_ScaleInLightmap: 1
  m_PreserveUVs: 0
  m_IgnoreNormalsForChartDetection: 0
  m_ImportantGI: 0
  m_SelectedEditorRenderState: 3
  m_MinimumChartSize: 4
  m_AutoUVMaxDistance: 0.5
  m_AutoUVMaxAngle: 89
  m_LightmapParameters: {fileID: 0}
  m_SortingLayerID: 0
  m_SortingLayer: 0
  m_SortingOrder: 0
  serializedVersion: 2
  m_Quality: 0
  m_UpdateWhenOffscreen: 0
  m_SkinnedMotionVectors: 1
  m_Mesh: {fileID: 4300000, guid: a153d4afebf16544283f846e0d20985f, type: 3}
  m_Bones:
  - {fileID: 405082}
  - {fileID: 479530}
  - {fileID: 460228}
  - {fileID: 444160}
  - {fileID: 413008}
  - {fileID: 426476}
  - {fileID: 487662}
  - {fileID: 444122}
  - {fileID: 457100}
  - {fileID: 469542}
  - {fileID: 488112}
  - {fileID: 474350}
  - {fileID: 443026}
  - {fileID: 496672}
  - {fileID: 490912}
  - {fileID: 499702}
  - {fileID: 492794}
  - {fileID: 411536}
  - {fileID: 438248}
  - {fileID: 443344}
  - {fileID: 461398}
  - {fileID: 410620}
  - {fileID: 400922}
  - {fileID: 490526}
  - {fileID: 412288}
  - {fileID: 487752}
  - {fileID: 464798}
  - {fileID: 417784}
  - {fileID: 444690}
  - {fileID: 471284}
  - {fileID: 458248}
  - {fileID: 466020}
  - {fileID: 438328}
  - {fileID: 468620}
  - {fileID: 489376}
  m_BlendShapeWeights: []
  m_RootBone: {fileID: 405082}
  m_AABB:
    m_Center: {x: -0.000061035156, y: -0.037444033, z: 0.7240987}
    m_Extent: {x: 0.5005754, y: 0.23474929, z: 0.8056563}
  m_DirtyAABB: 0
--- !u!1001 &100100000
Prefab:
  m_ObjectHideFlags: 1
  serializedVersion: 2
  m_Modification:
    m_TransformParent: {fileID: 0}
    m_Modifications: []
    m_RemovedComponents: []
  m_ParentPrefab: {fileID: 0}
  m_RootGameObject: {fileID: 155910}
  m_IsPrefabParent: 1
